@article{agarwal-2005,
 author = {Agarwal, Pankaj K and Har-Peled, Sariel and Varadarajan, Kasturi R},
 journal = {Combinatorial and computational geometry},
 pages = {1--30},
 title = {Geometric approximation via coresets},
 volume = {52},
 year = {2005}
}

@inproceedings{aktas-2020,
 author = {Akta{\c{s}}, Berfin  and
Solopova, Veronika  and
Kohnert, Annalena  and
Stede, Manfred},
 booktitle = {Findings of the Association for Computational Linguistics: EMNLP 2020},
 doi = {10.18653/v1/2020.findings-emnlp.222},
 title = {Adapting Coreference Resolution to {T}witter Conversations},
 year = {2020}
}

@article{ammar-2016,
 author = {Waleed Ammar and George Mulcaire and Yulia Tsvetkov and Guillaume Lample and Chris Dyer and Noah A. Smith},
 eprint = {arXiv:1602.01925},
 journal = {arXiv preprint arXiv:1602.01925},
 title = {Massively Multilingual Word Embeddings},
 year = {2016}
}

@inproceedings{andrade-2015,
 author = {Andrade, Daniel and Sadamasa, Kunihiko and Tamura, Akihiro and Tsuchida, Masaaki},
 booktitle = acl,
 title = {Cross-lingual Text Classification Using Topic-Dependent Word Probabilities},
 url = {https://www.aclweb.org/anthology/N15-1170.pdf},
 year = {2015}
}

@article{angluin-1988,
 author = {Angluin, Dana},
 journal = {Machine Learning},
 number = {4},
 pages = {319--342},
 publisher = {Springer},
 title = {Queries and concept learning},
 volume = {2},
 year = {1988}
}

@inproceedings{arora-2012-anchor,
 author = {Arora, Sanjeev and Ge, Rong and Moitra, Ankur},
 booktitle = {Foundations of Computer Science (FOCS)},
 title = {Learning topic models--going beyond {SVD}},
 year = {2012}
}

@inproceedings{arora-2012-nmf,
 author = {Arora, Sanjeev and Ge, Rong and Kannan, Ravindran and Moitra, Ankur},
 booktitle = {{SIAM} Journal of Computing},
 number = {4},
 title = {Computing a nonnegative matrix factorization--provably},
 volume = {54},
 year = {2016}
}

@inproceedings{arora-2013,
 author = {Arora, Sanjeev and Ge, Rong and Halpern, Yonatan and Mimno, David and Moitra, Ankur and Sontag, David and Wu, Yichen and Zhu, Michael},
 booktitle = icml,
 title = {A practical algorithm for topic modeling with provable guarantees},
 year = {2013}
}

@inproceedings{artetxe-2017,
 author = {Artetxe, Mikel  and      Labaka, Gorka  and
Agirre, Eneko},
 booktitle = acl,
 doi = {10.18653/v1/P17-1042},
 title = {Learning bilingual word embeddings with (almost) no bilingual data},
 year = {2017}
}

@inproceedings{artetxe-2018,
 author = {Artetxe, Mikel and Labaka, Gorka and Agirre, Eneko},
 booktitle = acl,
 doi = {10.18653/v1/P18-1073},
 title = {A robust self-learning method for fully unsupervised cross-lingual mappings of word embeddings},
 year = {2018}
}

@techreport{arthur-2006,
 author = {Arthur, David and Vassilvitskii, Sergei},
 institution = {Stanford},
 title = {k-means++: {T}he advantages of careful seeding},
 year = {2006}
}


@inproceedings{ash-2020,
 author = {Jordan T. Ash and Chicheng Zhang and Akshay Krishnamurthy and John Langford and Alekh Agarwal},
 booktitle = iclr,
 title = {Deep Batch Active Learning by Diverse, Uncertain Gradient Lower Bounds},
 year = {2020}
}

@inproceedings{ash-2020-warmstart,
 author = {Jordan T. Ash and Ryan P Adams},
 booktitle = nips,
 title = {On Warm-Starting Neural Network Training},
 year = {2020}
}

@inproceedings{aytekin-2018,
 author = {Aytekin, Caglar and Ni, Xingyang and Cricri, Francesco and Aksu, Emre},
 booktitle = ijcnn,
 title = {Clustering and unsupervised anomaly detection with {L2} normalized deep auto-encoder representations},
 year = {2018}
}

@inproceedings{bagga-1998,
 author = {Bagga, Amit and Baldwin, Breck},
 booktitle = {The first international conference on language resources and evaluation workshop on linguistics coreference},
 title = {Algorithms for scoring coreference chains},
 year = {1998}
}

@inproceedings{bai-2021,
 author = {Bai, Jiaxin  and
Zhang, Hongming  and
Song, Yangqiu  and
Xu, Kun},
 booktitle = eacl,
 title = {Joint Coreference Resolution and Character Linking for Multiparty Conversation},
 url = {https://www.aclweb.org/anthology/2021.eacl-main.43},
 year = {2021}
}

@inproceedings{bamman-2020,
 author = {Bamman, David  and
Lewke, Olivia  and
Mansoor, Anya},
 booktitle = lrec,
 title = {An Annotated Dataset of Coreference in {E}nglish Literature},
 url = {https://www.aclweb.org/anthology/2020.lrec-1.6},
 year = {2020}
}

@article{baxter-2000,
 author = {Baxter, Jonathan},
 journal = jair,
 pages = {149--198},
 title = {A model of inductive bias learning},
 volume = {12},
 year = {2000}
}

@inproceedings{beltagy-2019,
 author = {Beltagy, Iz and Lo, Kyle and Cohan, Arman},
 booktitle = emnlp,
 title = {Sci{BERT}: {A} pretrained language model for scientific text},
 url = {https://www.aclweb.org/anthology/D19-1371.pdf},
 year = {2019}
}

@inproceedings{ben-david-2007,
 author = {Ben-David, Shai and Blitzer, John and Crammer, Koby and Pereira, Fernando},
 booktitle = nips,
 title = {Analysis of representations for domain adaptation},
 year = {2007}
}

@article{bengio-2013,
 author = {Bengio, Yoshua and Courville, Aaron and Vincent, Pascal},
 journal = pami,
 number = {8},
 pages = {1798--1828},
 title = {Representation learning: {A} review and new perspectives},
 volume = {35},
 year = {2013}
}

@inproceedings{beyer-1999,
 author = {Beyer, Kevin and Goldstein, Jonathan and Ramakrishnan, Raghu and Shaft, Uri},
 booktitle = {International {C}onference on {D}atabase {T}heory},
 title = {When is ``nearest neighbor'' meaningful?},
 year = {1999}
}

@inproceedings{bing-2021,
 author = {Liu, Bing and Scells, Harrisen and Zuccon, Guido and Hua, Wen and Zhao, Genghong},
 booktitle = emnlp,
 title = {Active{EA}: {A}ctive Learning for Neural Entity Alignment},
 url = {https://aclanthology.org/2021.emnlp-main.270/},
 year = {2021}
}

@inproceedings{biran-2017,
 author = {Biran, Or and Cotton, Courtenay},
 booktitle = {IJCAI-17 workshop on explainable AI (XAI)},
 title = {Explanation and justification in machine learning: {A} survey},
 year = {2017}
}

@book{bird-2009,
 author = {Bird, Steven and Klein, Ewan and Loper, Edward},
 publisher = {" O'Reilly Media, Inc."},
 title = {Natural language processing with Python: analyzing text with the natural language toolkit},
 year = {2009}
}

@article{blei-2003,
 author = {Blei, David M. and Ng, Andrew Y. and Jordan, Michael I.},
 journal = jmlr,
 pages = {993--1022},
 title = {Latent {D}irichlet Allocation},
 volume = {3},
 year = {2003}
}

@inproceedings{blessing-2013,
 author = {Blessing, Andre and Sonntag, Jonathan and Kliche, Fritz and Heid, Ulrich and Kuhn, Jonas and Stede, Manfred},
 booktitle = {Proceedings of the 7th Workshop on Language Technology for Cultural Heritage, Social Sciences, and Humanities},
 title = {Towards a tool for interactive concept building for large scale analysis in the humanities},
 url = {https://www.aclweb.org/anthology/W13-2708},
 year = {2013}
}

@inproceedings{blitzer-2007,
 author = {Blitzer, John and Dredze, Mark and Pereira, Fernando},
 booktitle = acl,
 title = {Biographies, bollywood, boom-boxes and blenders: {D}omain adaptation for sentiment classification},
 url = {https://www.aclweb.org/anthology/P07-1056},
 year = {2007}
}

@article{bojanowski-2017,
 author = {Bojanowski, Piotr and Grave, Edouard and Joulin, Armand and Mikolov, Tomas},
 journal = tacl,
 pages = {135--146},
 title = {Enriching Word Vectors with Subword Information},
 volume = {5},
 year = {2017}
}

@inproceedings{boyd-graber-2009,
 author = {Boyd-Graber, Jordan and Blei, David M.},
 booktitle = uai,
 title = {Multilingual topic models for unaligned text},
 year = {2009}
}

@inproceedings{boyd-graber-2010,
 author = {Boyd-Graber, Jordan and Resnik, Philip},
 booktitle = emnlp,
 title = {Holistic sentiment analysis across languages: {M}ultilingual supervised latent Dirichlet allocation},
 year = {2010}
}

@book{boyd-graber-2017,
 author = {Boyd-Graber, Jordan and Hu, Yuening and Mimno, David},
 journal = {Foundations and Trends{\textregistered} in Information Retrieval},
 number = {2--3},
 publisher = {NOW Publishers},
 title = {Applications of Topic Models},
 volume = {11},
 year = {2017}
}

@article{brown-1992,
 author = {Brown, Peter F. and Della Pietra, Vincent J. and Desouza, Peter V. and Lai, Jennifer C. and Mercer, Robert L.},
 journal = {Computational Linguistics},
 number = {4},
 pages = {467--480},
 title = {Class-based n-gram models of natural language},
 url = {https://www.aclweb.org/anthology/J92-4003},
 volume = {18},
 year = {1992}
}

@inproceedings{brown-2016,
 author = {Brown, Deana and Grinter, Rebecca E.},
 booktitle = chi,
 title = {Designing for transient use: A human-in-the-loop translation platform for refugees},
 year = {2016}
}

@article{brown-2020,
 author = {Brown, Tom B. and Mann, Benjamin and Ryder, Nick and Subbiah, Melanie and Kaplan, Jared and Dhariwal, Prafulla and Neelakantan, Arvind and Shyam, Pranav and Sastry, Girish and Askell, Amanda and others},
 eprint = {arXiv:2005.14165},
 journal = {arXiv preprint arXiv:2005.14165},
 title = {Language models are few-shot learners},
 year = {2020}
}

@article{canziani-2016,
 author = {Alfredo Canziani and Adam Paszke and Eugenio Culurciello},
 eprint = {arXiv:1910.08475},
 journal = {arXiv preprint arXiv:1605.07678},
 title = {An Analysis of Deep Neural Network Models for Practical Applications},
 year = {2016}
}

@book{castells-1996,
 author = {Castells, Manuel},
 publisher = {Oxford Blackwell Publishers},
 title = {The information age},
 year = {1996}
}

@inproceedings{chan-2007,
 author = {Chan, Yee Seng  and
Ng, Hwee Tou},
 booktitle = acl,
 title = {Domain Adaptation with Active Learning for Word Sense Disambiguation},
 url = {https://www.aclweb.org/anthology/P07-1007},
 year = {2007}
}

@inproceedings{chang-2009,
 author = {Chang, Jonathan and Gerrish, Sean and Wang, Chong and Boyd-Graber, Jordan and Blei, David M.},
 booktitle = nips,
 title = {Reading Tea Leaves: {H}ow Humans Interpret Topic Models},
 year = {2009}
}

@inproceedings{chen-2009,
 author = {Chen, Bo and Lam, Wai and Tsang, Ivor and Wong, Tak-Lam},
 booktitle = kdd,
 title = {Extracting discriminative concepts for domain adaptation in text mining},
 year = {2009}
}

@inproceedings{chen-2016,
 author = {Chen, Yu-Hsin  and
Choi, Jinho D.},
 booktitle = sigdial,
 doi = {10.18653/v1/W16-3612},
 title = {Character Identification on Multiparty Conversation: Identifying Mentions of Characters in {TV} Shows},
 year = {2016}
}

@article{chen-2018,
 author = {Chen, Xilun and Sun, Yu and Athiwaratkun, Ben and Cardie, Claire and Weinberger, Kilian},
 doi = {10.1162/tacl_a_00039},
 journal = tacl,
 pages = {557--570},
 title = {Adversarial deep averaging networks for cross-lingual sentiment classification},
 volume = {6},
 year = {2018}
}

@inproceedings{chen-2018-preco,
 author = {Chen, Hong and Fan, Zhenhua and Lu, Hao and Yuille, Alan and Rong, Shu},
 booktitle = emnlp,
 doi = {10.18653/v1/D18-1016},
 title = {Pre{C}o: {A} Large-scale Dataset in Preschool Vocabulary for Coreference Resolution},
 year = {2018}
}

@incollection{chomsky-1980,
 author = {Chomsky, Noam},
 booktitle = { Language and Learning: {T}he debate between {J}ean {P}iaget and {N}oam {C}homsky},
 publisher = {Harvard University Press},
 title = {On Cognitive Structures and their Development: {A} reply to {P}iaget},
 year = {1980}
}

@article{choo-2013,
 author = {Choo, Jaegul and Lee, Changhyun and Reddy, Chandan K and Park, Haesun},
 journal = {IEEE transactions on visualization and computer graphics},
 number = {12},
 pages = {1992--2001},
 publisher = {{IEEE}},
 title = {Utopian: {U}ser-driven topic modeling based on interactive nonnegative matrix factorization},
 volume = {19},
 year = {2013}
}

@inproceedings{conneau-2020,
 author = {Conneau, Alexis  and      Khandelwal, Kartikay  and
Goyal, Naman  and
Chaudhary, Vishrav  and
Wenzek, Guillaume  and
Guzm{\'a}n, Francisco  and
Grave, Edouard  and
Ott, Myle  and
Zettlemoyer, Luke  and
Stoyanov, Veselin},
 booktitle = acl,
 doi = {10.18653/v1/2020.acl-main.747},
 title = {Unsupervised Cross-lingual Representation Learning at Scale},
 year = {2020}
}

@article{constant-2009,
 author = {Constant, Noah and Davis, Christopher and Potts, Christopher and Schwarz, Florian},
 journal = {Sprache und Datenverarbeitung},
 number = {1--2},
 pages = {5--21},
 publisher = {Institut f{\"u}r Kommunikationsforschung und Phonetik der Universit{\"a}t Bonn},
 title = {The pragmatics of expressive content: {E}vidence from large corpora},
 volume = {33},
 year = {2009}
}

@techreport{cook-2005,
 author = {Cook, Kristin A. and Thomas, James J.},
 institution = {Pacific Northwest National Laboratory},
 title = {Illuminating the path: {T}he research and development agenda for visual analytics},
 year = {2005}
}

@inproceedings{culotta-2005,
 author = {Culotta, Aron and McCallum, Andrew},
 booktitle = aaai,
 title = {Reducing labeling effort for structured prediction tasks},
 year = {2005}
}

@book{daniels-1996,
 author = {Daniels, Peter T. and Bright, William},
 publisher = {Oxford University Press},
 title = {The world's writing systems},
 year = {1996}
}

@inproceedings{dasgupta-2005,
 author = {Dasgupta, Sanjoy},
 booktitle = nips,
 title = {Analysis of a greedy active learning strategy},
 year = {2005}
}

@article{dasgupta-2011,
 author = {Dasgupta, Sanjoy},
 journal = {Theoretical computer science},
 number = {19},
 pages = {1767--1781},
 title = {Two faces of active learning},
 volume = {412},
 year = {2011}
}

@inproceedings{davison-2019,
 author = {Davison, Joe and Feldman, Joshua and Rush, Alexander M.},
 booktitle = emnlp,
 doi = {10.18653/v1/D19-1109},
 title = {Commonsense knowledge mining from pretrained models},
 year = {2019}
}

@inproceedings{de-cao-2019,
 author = {De Cao, Nicola  and
Aziz, Wilker  and
Titov, Ivan},
 booktitle = naacl,
 doi = {10.18653/v1/N19-1240},
 title = {Question Answering by Reasoning Across Documents with Graph Convolutional Networks},
 year = {2019}
}

@article{deerwester-1990,
 author = {Deerwester, Scott and Dumais, Susan T. and Furnas, George W. and Landauer, Thomas K. and Harshman, Richard},
 journal = {Journal of the American society for information science},
 number = {6},
 pages = {391--407},
 publisher = {Wiley Online Library},
 title = {Indexing by latent semantic analysis},
 volume = {41},
 year = {1990}
}

@article{dernoncourt-2017,
 author = {Dernoncourt, Franck and Lee, Ji Young},
 journal = ijcnlp,
 pages = {308--313},
 title = {Pub{M}ed 200k {RCT}: a Dataset for Sequential Sentence Classification in Medical Abstracts},
 url = {https://www.aclweb.org/anthology/I17-2052},
 volume = {2},
 year = {2017}
}

@inproceedings{devlin-2019,
 author = {Jacob Devlin and Ming-Wei Chang and Kenton Lee and Kristina Toutanova},
 booktitle = naacl,
 doi = {10.18653/v1/N19-1423},
 title = {{BERT}: {P}re-training of Deep Bidirectional Transformers for Language Understanding},
 year = {2019}
}

@article{dodge-2020,
 author = {Jesse Dodge and Gabriel Ilharco and Roy Schwartz and Ali Farhadi and Hannaneh Hajishirzi and Noah Smith},
 eprint = {arXiv:2002.06305},
 journal = {arXiv preprint arXiv:2002.06305},
 title = {Fine-Tuning Pretrained Language Models: Weight Initializations, Data Orders, and Early Stopping},
 year = {2020}
}

@inproceedings{duong-2018,
 author = {Duong, Long and Afshar, Hadi and Estival, Dominique and Pink, Glen and Cohen, Philip R and Johnson, Mark},
 booktitle = acl,
 doi = {10.18653/v1/P18-2008},
 title = {Active learning for deep semantic parsing},
 year = {2018}
}

@article{durrett-2014,
 author = {Durrett, Greg  and
Klein, Dan},
 doi = {10.1162/tacl_a_00197},
 journal = tacl,
 pages = {477--490},
 title = {A Joint Model for Entity Analysis: Coreference, Typing, and Linking},
 volume = {2},
 year = {2014}
}

@techreport{erhan-2009,
 author = {Erhan, Dumitru and Bengio, Yoshua and Courville, Aaron and Vincent, Pascal},
 institution = {University of Montreal},
 title = {Visualizing higher-layer features of a deep network},
 year = {2009}
}

@book{ethnologue,
 author = {Eberhard, David M. and Simons, Gary F. and Fennig, Charles D. },
 publisher = {SIL International},
 title = {Ethnologue:Languages of the World},
 year = {2020}
}

@article{ettinger-2020,
 author = {Ettinger, Allyson},
 doi = {10.1162/tacl_a_00298},
 journal = tacl,
 pages = {34--48},
 publisher = {MIT Press},
 title = {What {BERT} is not: Lessons from a new suite of psycholinguistic diagnostics for language models},
 volume = {8},
 year = {2020}
}

@article{fan-2008,
 author = {Fan, Rong-En and Chang, Kai-Wei and Hsieh, Cho-Jui and Wang, Xiang-Rui and Lin, Chih-Jen},
 journal = jmlr,
 pages = {1871--1874},
 title = {{LIBLINEAR}: {A} library for large linear classification},
 volume = {9},
 year = {2008}
}

@inproceedings{fang-2017,
 author = {Fang, Meng and Li, Yuan and Cohn, Trevor},
 booktitle = emnlp,
 doi = {10.18653/v1/D17-1063},
 title = {Learning how to Active Learn: A Deep Reinforcement Learning Approach},
 year = {2017}
}

@inproceedings{faruqui-2014,
 author = {Faruqui, Manaal and Dyer, Chris},
 booktitle = eacl,
 doi = {10.3115/v1/E14-1049},
 title = {Improving vector space word representations using multilingual correlation},
 year = {2014}
}

@inproceedings{faruqui-2015,
 author = {Faruqui, Manaal and Dodge, Jesse and Jauhar, Sujay Kumar and Dyer, Chris and Hovy, Eduard and Smith, Noah A.},
 booktitle = naacl,
 doi = {10.3115/v1/N15-1184},
 title = {Retrofitting Word Vectors to Semantic Lexicons},
 year = {2015}
}

@inproceedings{felt-2015,
 author = {Paul Felt and Eric Ringger and Kevin Seppi and Kevin Black and Robbie Haertel},
 booktitle = acl,
 doi = {10.3115/v1/N15-1089},
 title = {Early Gains Matter: {A} Case for Preferring Generative over DiscriminativeCrowdsourcing Models},
 year = {2015}
}

@inproceedings{feng-2018,
 author = {Shi Feng and Eric Wallace and Alvin Grissom II and Pedro Rodriguez and Mohit Iyyer and Jordan Boyd-Graber},
 booktitle = emnlp,
 doi = {10.18653/v1/D18-1407},
 title = {Pathologies of Neural Models Make Interpretation Difficult},
 year = {2018}
}

@inproceedings{feng-2019,
 author = {Feng, Shi and Boyd-Graber, Jordan},
 booktitle = iui,
 title = {What can {AI} do for me: {E}valuating machine learning interpretations in cooperative play},
 year = {2019}
}

@inproceedings{fu-2017,
 author = {Fu, Lisheng and Nguyen, Thien Huu and Min, Bonan and Grishman, Ralph},
 booktitle = ijcnlp,
 title = {Domain adaptation for relation extraction with domain adversarial neural network},
 url = {https://www.aclweb.org/anthology/I17-2072},
 year = {2017}
}

@inproceedings{gal-2017,
 author = {Gal, Yarin and Islam, Riashat and Ghahramani, Zoubin},
 booktitle = icml,
 title = {Deep Bayesian Active Learning with Image Data},
 year = {2017}
}

@article{ganin-2016,
 author = {Ganin, Yaroslav and Ustinova, Evgeniya and Ajakan, Hana and Germain, Pascal and Larochelle, Hugo and Laviolette, Fran{\c{c}}ois and Marchand, Mario and Lempitsky, Victor},
 journal = jmlr,
 number = {1},
 pages = {1--35},
 title = {Domain-adversarial training of neural networks},
 volume = {17},
 year = {2016}
}

@inproceedings{gao-2018,
 author = {Gao, Yang  and      Meyer, Christian M  and
Gurevych, Iryna},
 booktitle = emnlp,
 doi = {10.18653/v1/D18-1445},
 title = {{APRIL}: Interactively Learning to Summarise by Combining Active Preference Learning and Reinforcement Learning},
 year = {2018}
}

@inproceedings{gao-2019,
 author = {Mingfei Gao and Zizhao Zhang and Guo Yu and Sercan O. Arik and Larry S. Davis and Tomas Pfister},
 booktitle = eccv,
 title = {Consistency-Based Semi-Supervised Active Learning: {T}owards Minimizing Labeling Cost},
 year = {2019}
}

@inproceedings{gasperin-2009,
 author = {Gasperin, Caroline},
 booktitle = {Proceedings of the {NAACL} {HLT} 2009 Workshop on Active Learning for Natural Language Processing},
 title = {Active Learning for Anaphora Resolution},
 url = {https://www.aclweb.org/anthology/W09-1901},
 year = {2009}
}

@misc{gdpr,
 author = {{European Parliament and Council of the European Union}},
 title = {General data protection regulation},
 url = {https://gdpr-info.eu/},
 year = {2016}
}

@article{geman-1984,
 author = {Geman, Stuart and Geman, Donald},
 journal = pami,
 number = {6},
 pages = {721--741},
 publisher = {IEEE},
 title = {Stochastic relaxation, {G}ibbs distributions, and the {B}ayesian restoration of images},
 year = {1984}
}

@inproceedings{glavas-2018,
 author = {Glava{\v{s}}, Goran and Vuli{\'c}, Ivan},
 booktitle = acl,
 doi = {10.18653/v1/P18-1004},
 title = {Explicit retrofitting of distributional word vectors},
 year = {2018}
}

@inproceedings{glavas-2019,
 author = {Glava{\v{s}}, Goran and Litschko, Robert and Ruder, Sebastian and Vuli{\'c}, Ivan},
 booktitle = acl,
 doi = {10.18653/v1/P19-1070},
 title = {How to (Properly) Evaluate Cross-Lingual Word Embeddings: {O}n Strong Baselines, Comparative Analyses, and Some Misconceptions},
 year = {2019}
}

@article{goldberg-2019,
 author = {Yoav Goldberg},
 eprint = {arXiv:1901.05287},
 journal = {arXiv preprint arXiv:1901.05287},
 title = {Assessing {BERT}'s Syntactic Abilities},
 year = {2019}
}

@misc{graff-1994,
 author = {David Graff},
 location = {Philadelphia},
 note = {\url{https://catalog.ldc.upenn.edu/LDC94T4A}},
 publisher = {Linguistic Data Consortium},
 title = {{UN Parallel Text}},
 year = {1994}
}

@article{griffiths-2019,
 author = {Griffiths, Thomas L. and Callaway, Frederick and Chang, Michael B. and Grant, Erin and Krueger, Paul M. and Lieder, Falk},
 journal = {Current Opinion in Behavioral Sciences},
 pages = {24--30},
 title = {Doing more with less: meta-reasoning and meta-learning in humans and machines},
 volume = {29},
 year = {2019}
}

@inproceedings{guha-2015,
 author = {Guha, Anupam  and
Iyyer, Mohit  and
Bouman, Danny  and
Boyd-Graber, Jordan},
 booktitle = naacl,
 doi = {10.3115/v1/N15-1117},
 title = {Removing the Training Wheels: A Coreference Dataset that Entertains Humans and Challenges Computers},
 year = {2015}
}

@article{guo-2017,
 author = {Guo, Chuan and Geoff Pleiss and Yu Sun and Kilian Q. Weinberger},
 journal = jmlr,
 pages = {1321--1330},
 title = {On calibration of modern neural networks},
 volume = {70},
 year = {2017}
}

@inproceedings{gupta-2017,
 author = {Gupta, Nitish  and
Singh, Sameer  and
Roth, Dan},
 booktitle = emnlp,
 doi = {10.18653/v1/D17-1284},
 title = {Entity Linking via Joint Encoding of Types, Descriptions, and Context},
 year = {2017}
}

@inproceedings{gupta-2018,
 author = {Gupta, Ajay and Verma, Devendra and Pawar, Sachin and Patil, Sangameshwar and Hingmire, Swapnil and Palshikar, Girish K and Bhattacharyya, Pushpak},
 booktitle = {International Conference on Text, Speech, and Dialogue},
 title = {Identifying participant mentions and resolving their coreferences in legal court judgements},
 year = {2018}
}

@article{gutierrez-2016,
 author = {Guti{\'e}rrez, E. Dario and Shutova, Ekaterina and Lichtenstein, Patricia and de Melo, Gerard and Gilardi, Luca},
 doi = {10.1162/tacl_a_00082},
 journal = tacl,
 pages = {47--60},
 title = {Detecting cross-cultural differences using a multilingual topic model},
 volume = {4},
 year = {2016}
}

@inproceedings{hajishirzi-2013,
 author = {Hajishirzi, Hannaneh  and
Zilles, Leila  and
Weld, Daniel S.  and
Zettlemoyer, Luke},
 booktitle = emnlp,
 title = {Joint Coreference Resolution and Named-Entity Linking with Multi-Pass Sieves},
 url = {https://www.aclweb.org/anthology/D13-1029},
 year = {2013}
}

@inproceedings{hao-2018,
 author = {Shudong Hao and Michael J. Paul and Jordan Boyd-Graber},
 booktitle = naacl,
 doi = {10.18653/v1/N18-1099},
 title = {Lessons from the Bible on Modern Topics: {M}ultilingual Topic Model Evaluation on Low-Resource Languages},
 year = {2018}
}

@book{harari-2014,
 author = {Harari, Yuval Noah},
 publisher = {Random House},
 title = {Sapiens: A brief history of humankind},
 year = {2014}
}

@article{harris-1954,
 author = {Harris, Zellig S},
 journal = {Word},
 number = {2--3},
 pages = {146--162},
 title = {Distributional structure},
 volume = {10},
 year = {1954}
}

@inproceedings{he-2016,
 author = {He, Luheng and Michael, Julian and Lewis, Mike and Zettlemoyer, Luke},
 booktitle = emnlp,
 doi = {10.18653/v1/D16-1258},
 title = {Human-in-the-loop parsing},
 year = {2016}
}

@inproceedings{hendrycks-2020,
 author = {Hendrycks, Dan and Liu, Xiaoyuan and Wallace, Eric and Dziedzic, Adam and Krishnan, Rishabh and Song, Dawn},
 booktitle = acl,
 doi = {10.18653/v1/2020.acl-main.244},
 title = {Pretrained Transformers Improve Out-of-Distribution Robustness},
 year = {2020}
}

@inproceedings{howard-2018,
 author = {Howard, Jeremy  and      Ruder, Sebastian},
 booktitle = acl,
 doi = {10.18653/v1/P18-1031},
 title = {Universal Language Model Fine-tuning for Text Classification},
 year = {2018}
}

@inproceedings{hsu-2015,
 author = {Hsu, Wei-Ning and Lin, Hsuan-Tien},
 booktitle = aaai,
 title = {Active learning by learning},
 year = {2015}
}

@inproceedings{hu-2010,
 author = {Hu, Rong and Mac Namee, Brian and Delany, Sarah Jane},
 booktitle = {Florida Artificial Intelligence Research Society Conference},
 title = {Off to a good start: {U}sing clustering to select the initial training set in active learning},
 year = {2010}
}

@inproceedings{hu-2012,
 author = {Hu, Yuening and Boyd-Graber, Jordan},
 booktitle = acl,
 title = {Efficient Tree-based Topic Modeling},
 url = {https://www.aclweb.org/anthology/P12-2054},
 year = {2012}
}

@article{hu-2014-itm,
 author = {Hu, Yuening and Boyd-Graber, Jordan and Satinoff, Brianna and Smith, Alison},
 journal = mlj,
 number = {3},
 pages = {423--469},
 title = {Interactive Topic Modeling},
 volume = {95},
 year = {2014}
}

@inproceedings{hu-2014-ptlda,
 author = {Yuening Hu and Ke Zhai and Vlad Eidelman and Jordan Boyd-Graber},
 booktitle = acl,
 title = {Polylingual Tree-Based Topic Models for Translation Domain Adaptation},
 url = {https://www.aclweb.org/anthology/P14-1110.pdf},
 year = {2014}
}

@inproceedings{hu-2020,
 author = {Junjie Hu and Sebastian Ruder and Aditya Siddhant and Graham Neubig and Orhan Firat and Melvin Johnson},
 booktitle = icml,
 title = {{XTREME}: {A} Massively Multilingual Multi-task Benchmark for Evaluating Cross-lingual Generalization},
 year = {2020}
}

@inproceedings{huang-2010,
 author = {Huang, Sheng-Jun and Jin, Rong and Zhou, Zhi-Hua},
 booktitle = nips,
 title = {Active learning by querying informative and representative examples},
 year = {2010}
}

@inproceedings{humphreys-1997,
 author = {Humphreys, Kevin  and
Gaizauskas, Robert  and
Azzam, Saliha},
 booktitle = {Operational Factors in Practical, Robust Anaphora Resolution for Unrestricted Texts},
 title = {Event coreference for information extraction},
 url = {https://www.aclweb.org/anthology/W97-1311},
 year = {1997}
}

@inproceedings{iyyer-2015,
 author = {Iyyer, Mohit and Manjunatha, Varun and Boyd-Graber, Jordan and Daum{\'e} III, Hal},
 booktitle = acl,
 doi = {10.3115/v1/P15-1162},
 title = {Deep unordered composition rivals syntactic methods for text classification},
 year = {2015}
}

@inproceedings{jagarlamudi-2010,
 author = {Jagarlamudi, Jagadeesh and Daum{\'e}, Hal},
 booktitle = ecir,
 title = {Extracting multilingual topics from unaligned comparable corpora},
 year = {2010}
}

@inproceedings{joshi-2019,
 author = {Joshi, Mandar  and
Levy, Omer  and
Zettlemoyer, Luke  and
Weld, Daniel},
 booktitle = emnlp,
 doi = {10.18653/v1/D19-1588},
 title = {{BERT} for Coreference Resolution: Baselines and Analysis},
 year = {2019}
}

@article{joshi-2020,
 author = {Joshi, Mandar  and      Chen, Danqi  and
Liu, Yinhan  and
Weld, Daniel S  and
Zettlemoyer, Luke  and
Levy, Omer},
 doi = {10.1162/tacl_a_00300},
 journal = tacl,
 pages = {64--77},
 title = {{S}pan{BERT}: Improving Pre-training by Representing and Predicting Spans},
 volume = {8},
 year = {2020}
}

@inproceedings{joulin-2017,
 author = {Joulin, Armand and Grave, Edouard and Mikolov, Tomas and Bojanowski, Piotr},
 booktitle = eacl,
 title = {Bag of Tricks for Efficient Text Classification},
 url = {https://www.aclweb.org/anthology/E17-2068},
 year = {2017}
}

@inproceedings{joulin-2018,
 author = {Joulin, Armand and Bojanowski, Piotr and Mikolov, Tomas and J{\'e}gou, Herv{\'e} and Grave, Edouard},
 booktitle = emnlp,
 doi = {10.18653/v1/D18-1330},
 title = {Loss in translation: {L}earning bilingual word mapping with a retrieval criterion},
 year = {2018}
}

@inproceedings{karamcheti-2021,
 author = {Karamcheti, Siddharth  and
Krishna, Ranjay  and
Fei-Fei, Li  and
Manning, Christopher},
 booktitle = acl,
 doi = {10.18653/v1/2021.acl-long.564},
 title = {Mind Your Outliers! Investigating the Negative Impact of Outliers on Active Learning for Visual Question Answering},
 year = {2021}
}

@inproceedings{kasai-2019,
 author = {Kasai, Jungo and Qian, Kun and Gurajada, Sairam and Li, Yunyao and Popa, Lucian},
 booktitle = acl,
 title = {Low-resource Deep Entity Resolution with Transfer and Active Learning},
 url = {https://www.aclweb.org/anthology/P19-1586.pdf},
 year = {2019}
}

@inproceedings{kifer-2004,
 author = {Kifer, Daniel and Ben-David, Shai and Gehrke, Johannes},
 booktitle = vldb,
 title = {Detecting change in data streams},
 year = {2004}
}

@inproceedings{kim-2012,
 author = {Kim, Jin-Dong and Nguyen, Ngan and Wang, Yue and Tsujii, Jun'ichi and Takagi, Toshihisa and Yonezawa, Akinori},
 booktitle = {BMC bioinformatics},
 title = {The genia event and protein coreference tasks of the {BioNLP} shared task 2011},
 year = {2012}
}

@inproceedings{kim-2014,
 author = {Kim, Yoon},
 booktitle = emnlp,
 doi = {10.3115/v1/D14-1181},
 title = {Convolutional neural networks for sentence classification},
 year = {2014}
}

@inproceedings{kingma-2015,
 author = {Kingma, Diederik P and Ba, Jimmy},
 booktitle = iclr,
 title = {Adam: {A} method for stochastic optimization},
 year = {2015}
}

@inproceedings{kirsch-2019,
 author = {Kirsch, Andreas and van Amersfoort, Joost and Gal, Yarin},
 booktitle = nips,
 title = {{BatchBALD}: {E}fficient and diverse batch acquisition for deep {B}ayesian active learning},
 year = {2019}
}

@inproceedings{klementiev-2012,
 author = {Klementiev, Alexandre and Titov, Ivan and Bhattarai, Binod},
 booktitle = coling,
 title = {Inducing crosslingual distributed representations of words},
 url = {https://www.aclweb.org/anthology/C12-1089},
 year = {2012}
}

@inproceedings{klie-2020,
 author = {Klie, Jan-Christoph and de Castilho, Richard Eckart and Gurevych, Iryna},
 booktitle = acl,
 doi = {10.18653/v1/2020.acl-main.624},
 title = {From zero to hero: {H}uman-in-the-loop entity linking in low resource domains},
 year = {2020}
}

@inproceedings{koehn-2003,
 author = {Koehn, Philipp and Och, Franz J and Marcu, Daniel},
 booktitle = naacl,
 title = {Statistical phrase-based translation},
 url = {https://www.aclweb.org/anthology/N03-1017},
 year = {2003}
}

@inproceedings{koh-2017,
 author = {Koh, Pang Wei and Liang, Percy},
 booktitle = icml,
 title = {Understanding black-box predictions via influence functions},
 year = {2017}
}

@inproceedings{kratzwald-2020,
 author = {Kratzwald, Bernhard and Feuerriegel, Stefan and Sun, Huan},
 booktitle = emnlp,
 title = {Learning a Cost-Effective Annotation Policy for Question Answering},
 year = {2020}
}

@inproceedings{krizhevsky-2012,
 author = {Krizhevsky, Alex and Sutskever, Ilya and Hinton, Geoffrey E},
 booktitle = nips,
 title = {Image{N}et Classification with Deep Convolutional Neural Networks},
 year = {2012}
}

@inproceedings{kummerfeld-2013,
 author = {Kummerfeld, Jonathan K.  and
Klein, Dan},
 booktitle = emnlp,
 title = {Error-Driven Analysis of Challenges in Coreference Resolution},
 url = {https://aclanthology.org/D13-1027},
 year = {2013}
}

@inproceedings{lample-2018,
 author = {Lample, Guillaume and Conneau, Alexis and Denoyer, Ludovic and J{\'e}gou, Herv{\'e} and others},
 booktitle = iclr,
 title = {Word translation without parallel data},
 year = {2018}
}

@inproceedings{lample-2019,
 author = {Lample, Guillaume and Conneau, Alexis},
 booktitle = nips,
 title = {Cross-lingual Language Model Pretraining},
 year = {2019}
}

@article{landauer-1998,
 author = {Thomas K. Landauer and Peter W. Foltz and Darrell Laham},
 journal = {Discourse processes},
 number = {2--3},
 pages = {259--284},
 publisher = {Taylor \& Francis},
 title = {An introduction to latent semantic analysis},
 volume = {25},
 year = {1998}
}

@inproceedings{lau-2014,
 author = {Lau, Jey Han and Newman, David and Baldwin, Timothy},
 booktitle = eacl,
 doi = {10.3115/v1/E14-1056},
 title = {Machine reading tea leaves: {A}utomatically evaluating topic coherence and topic model quality},
 year = {2014}
}

@inproceedings{laws-2012,
 author = {Laws, Florian  and
Heimerl, Florian  and
Sch{\"u}tze, Hinrich},
 booktitle = naacl,
 title = {Active Learning for Coreference Resolution},
 url = {https://www.aclweb.org/anthology/N12-1055},
 year = {2012}
}

@inproceedings{le-2018,
 author = {Le, Phong  and
Titov, Ivan},
 booktitle = acl,
 doi = {10.18653/v1/P18-1148},
 title = {Improving Entity Linking by Modeling Latent Relations between Mentions},
 year = {2018}
}

@inproceedings{lecun-1990,
 author = {LeCun, Yann and Boser, Bernhard E and Denker, John S and Henderson, Donnie and Howard, Richard E and Hubbard, Wayne E and Jackel, Lawrence D},
 booktitle = nips,
 title = {Handwritten digit recognition with a back-propagation network},
 year = {1990}
}

@article{lecun-1998,
 author = {LeCun, Yann and Bottou, L{\'e}on and Bengio, Yoshua and Haffner, Patrick},
 journal = {Proceedings of the IEEE},
 number = {11},
 pages = {2278--2324},
 title = {Gradient-based learning applied to document recognition},
 volume = {86},
 year = {1998}
}

@article{lee-2017,
 author = {Tak Yeon Lee and Alison Smith and Kevin Seppi and Niklas Elmqvist and Jordan Boyd-Graber and Leah Findlater},
 journal = {International Journal of Human-Computer Studies},
 pages = {28--42},
 publisher = {Elsevier},
 title = {The human touch: {H}ow non-expert users perceive, interpret, and fix topic models},
 volume = {105},
 year = {2017}
}

@inproceedings{lee-2017-coref,
 author = {Lee, Kenton  and
He, Luheng  and
Lewis, Mike  and
Zettlemoyer, Luke},
 booktitle = emnlp,
 doi = {10.18653/v1/D17-1018},
 title = {End-to-end Neural Coreference Resolution},
 year = {2017}
}

@inproceedings{lee-2018,
 author = {Lee, Kenton  and
He, Luheng  and
Zettlemoyer, Luke},
 booktitle = naacl,
 doi = {10.18653/v1/N18-2108},
 title = {Higher-Order Coreference Resolution with Coarse-to-Fine Inference},
 year = {2018}
}

@inproceedings{lee-2020,
 author = {Lee, Ji-Ung  and
Meyer, Christian M.  and
Gurevych, Iryna},
 booktitle = acl,
 doi = {10.18653/v1/2020.acl-main.390},
 title = {{E}mpowering {A}ctive {L}earning to {J}ointly {O}ptimize {S}ystem and {U}ser {D}emands},
 year = {2020}
}

@article{levy-2008,
 author = {Levy, Roger},
 journal = {Cognition},
 number = {3},
 pages = {1126--1177},
 publisher = {Elsevier},
 title = {Expectation-based syntactic comprehension},
 volume = {106},
 year = {2008}
}

@inproceedings{levy-2014,
 author = {Levy, Omer and Goldberg, Yoav},
 booktitle = nips,
 title = {Neural word embedding as implicit matrix factorization},
 year = {2014}
}

@inproceedings{lewis-1994,
 author = {Lewis, David D. and Gale, William A.},
 booktitle = sigir,
 title = {A sequential algorithm for training text classifiers},
 year = {1994}
}

@article{lewis-2004,
 author = {Lewis, David D. and Yang, Yiming and Rose, Tony G. and Li, Fan},
 journal = jmlr,
 pages = {361--397},
 title = {RCV1: A new benchmark collection for text categorization research},
 volume = {5},
 year = {2004}
}

@article{lewis-2021,
 author = {Lewis, Patrick and Wu, Yuxiang and Liu, Linqing and Minervini, Pasquale and K{\"u}ttler, Heinrich and Piktus, Aleksandra and Stenetorp, Pontus and Riedel, Sebastian},
 journal = tacl,
 pages = {1098--1115},
 publisher = {MIT Press},
 title = {{PAQ}: 65 million probably-asked questions and what you can do with them},
 volume = {9},
 year = {2021}
}

@inproceedings{li-2012,
 author = {Li, Shoushan and Ju, Shengfeng and Zhou, Guodong and Li, Xiaojun},
 booktitle = emnlp,
 title = {Active learning for imbalanced sentiment classification},
 url = {https://www.aclweb.org/anthology/D12-1013.pdf},
 year = {2012}
}

@article{li-2016,
 author = {Jiwei Li and Will Monroe and Dan Jurafsky},
 eprint = {arXiv:1612.08220},
 journal = {arXiv preprint arXiv:1612.08220},
 title = {Understanding Neural Networks through Representation Erasure},
 year = {2016}
}

@inproceedings{li-2020,
 author = {Li, Belinda Z  and      Stanovsky, Gabriel  and
Zettlemoyer, Luke},
 booktitle = acl,
 doi = {10.18653/v1/2020.acl-main.738},
 title = {Active Learning for Coreference Resolution using Discrete Annotation},
 year = {2020}
}

@inproceedings{lin-2012,
 author = {Lin, Thomas  and
{Mausam}  and
Etzioni, Oren},
 booktitle = emnlp,
 title = {No Noun Phrase Left Behind: Detecting and Typing Unlinkable Entities},
 url = {https://www.aclweb.org/anthology/D12-1082},
 year = {2012}
}

@inproceedings{lin-2015,
 author = {Lin, Yiou and Lei, Hang and Wu, Jia and Li, Xiaoyu},
 booktitle = {Proceedings of the 29th Pacific Asia Conference on Language, Information and Computation: Posters},
 title = {An Empirical Study on Sentiment Classification of Chinese Review using Word Embedding},
 url = {https://www.aclweb.org/anthology/Y15-2030},
 year = {2015}
}

@inproceedings{liu-2018,
 author = {Liu, Ming and Buntine, Wray and Haffari, Gholamreza},
 booktitle = conll,
 doi = {10.18653/v1/K18-1033},
 title = {Learning to actively learn neural machine translation},
 year = {2018}
}

@article{liu-2019,
 author = {Yinhan Liu and Myle Ott and Naman Goyal and Jingfei Du and Mandar Joshi and Danqi Chen and Omer Levy and Mike Lewis and Luke Zettlemoyer and Veselin Stoyanov},
 eprint = {arXiv:1907.11692},
 journal = {arXiv preprint arXiv:1907.11692},
 title = {{RoBERTa}: {A} Robustly Optimized {BERT} Pretraining Approach},
 year = {2019}
}

@inproceedings{loshchilov-2019,
 author = {Loshchilov, Ilya and Hutter, Frank},
 booktitle = iclr,
 title = {Decoupled weight decay regularization},
 year = {2019}
}

@inproceedings{lowell-2019,
 author = {Lowell, David and Lipton, Zachary C. and Wallace, Byron C.},
 booktitle = emnlp,
 doi = {10.18653/v1/D19-1003},
 title = {Practical Obstacles to Deploying Active Learning},
 year = {2019}
}

@inproceedings{lu-2020,
 author = {Lu, Jing and Ng, Vincent},
 booktitle = emnlp,
 title = {Conundrums in Entity Coreference Resolution: {M}aking sense of the state of the art},
 url = {https://www.aclweb.org/anthology/2020.emnlp-main.536},
 year = {2020}
}

@inproceedings{lund-2017,
 author = {Lund, Jeffrey and Cook, Connor and Seppi, Kevin and Boyd-Graber, Jordan},
 booktitle = acl,
 doi = {10.18653/v1/P17-1083},
 title = {Tandem anchoring: {A} multiword anchor approach for interactive topic modeling},
 year = {2017}
}

@inproceedings{luo-2005,
 author = {Luo, Xiaoqiang},
 booktitle = {Proceedings of Human Language Technology Conference and Conference on Empirical Methods in Natural Language Processing},
 title = {On Coreference Resolution Performance Metrics},
 url = {https://www.aclweb.org/anthology/H05-1004},
 year = {2005}
}

@inproceedings{maas-2011,
 author = {Maas, Andrew L.  and  Daly, Raymond E.  and  Pham, Peter T.  and  Huang, Dan  and  Ng, Andrew Y.  and  Potts, Christopher},
 booktitle = acl,
 title = {Learning Word Vectors for Sentiment Analysis},
 url = {https://www.aclweb.org/anthology/P11-1015},
 year = {2011}
}

@article{maaten-2008,
 author = {Maaten, Laurens van der and Hinton, Geoffrey},
 journal = jmlr,
 pages = {2579--2605},
 title = {Visualizing data using t-{SNE}},
 volume = {9},
 year = {2008}
}

@inproceedings{manning-2014,
 author = {Manning, Christopher and Surdeanu, Mihai and Bauer, John and Finkel, Jenny and Bethard, Steven and McClosky, David},
 booktitle = acl,
 doi = {10.3115/v1/P14-5010},
 title = {The {S}tanford {CoreNLP} natural language processing toolkit},
 year = {2014}
}

@inproceedings{margatina-2021,
 author = {Margatina, Katerina  and
Vernikos, Giorgos  and
Barrault, Lo{\"\i}c  and
Aletras, Nikolaos},
 booktitle = emnlp,
 title = {Active Learning by Acquiring Contrastive Examples},
 url = {https://aclanthology.org/2021.emnlp-main.51},
 year = {2021}
}

@inproceedings{mauro-2012,
 author = {Mauro, Cettolo and Christian, Girardi and Marcello, Federico},
 booktitle = eamt,
 title = {Wit3: {W}eb inventory of transcribed and translated talks},
 year = {2012}
}

@inproceedings{mcauliffe-2008,
 author = {Mcauliffe, Jon D. and Blei, David M.},
 booktitle = nips,
 title = {Supervised topic models},
 year = {2008}
}

@inproceedings{mccallum_1999,
 author = {McCallum, Andrew},
 booktitle = aaai,
 title = {Multi-label text classification with a mixture model trained by {EM}},
 year = {1999}
}

@inproceedings{mccallumzy-1998,
 author = {McCallumzy, Andrew Kachites and Nigamy, Kamal},
 booktitle = icml,
 title = {Employing {EM} and pool-based active learning for text classification},
 year = {1998}
}

@inproceedings{mikolov-2013,
 author = {Mikolov, Tomas and Sutskever, Ilya and Chen, Kai and Corrado, Greg S. and Dean, Jeff},
 booktitle = nips,
 title = {Distributed representations of words and phrases and their compositionality},
 year = {2013}
}

@article{mikolov-2013-efficient,
 author = {Mikolov, Tomas and Chen, Kai and Corrado, Greg and Dean, Jeffrey},
 eprint = {arXiv:1301.3781},
 journal = {arXiv preprint arXiv:1301.3781},
 title = {Efficient estimation of word representations in vector space},
 year = {2013}
}

@article{mikolov-2013-multilingual,
 author = {Mikolov, Tomas and Le, Quoc V. and Sutskever, Ilya},
 eprint = {arXiv:1309.4168},
 journal = {arXiv preprint arXiv:1309.4168},
 title = {Exploiting similarities among languages for machine translation},
 year = {2013}
}

@inproceedings{miller-2012,
 author = {Miller, Timothy  and
Dligach, Dmitriy  and
Savova, Guergana},
 booktitle = {{B}io{NLP}: Proceedings of the 2012 Workshop on Biomedical Natural Language Processing},
 title = {Active Learning for Coreference Resolution},
 url = {https://www.aclweb.org/anthology/W12-2409},
 year = {2012}
}

@inproceedings{mimno-2009,
 author = {Mimno, David and Wallach, Hanna M. and Naradowsky, Jason and Smith, David A. and McCallum, Andrew},
 booktitle = emnlp,
 title = {Polylingual topic models},
 url = {https://www.aclweb.org/anthology/D09-1092},
 year = {2009}
}

@techreport{mitchell-1980,
 author = {Mitchell, Tom M},
 institution = {Rutgers University},
 title = {The need for biases in learning generalizations},
 year = {1980}
}

@book{mitchell-1997,
 author = {Tom Mitchell},
 publisher = {Mcgraw Hill},
 title = {Machine {L}earning},
 year = {1997}
}

@inproceedings{mogadala-2016,
 author = {Mogadala, Aditya and Rettinger, Achim},
 booktitle = naacl,
 doi = {10.18653/v1/N16-1083},
 title = {Bilingual word embeddings from parallel and non-parallel corpora for cross-language text classification},
 year = {2016}
}

@article{morrow-2011,
 author = {Morrow, Nathan and Mock, Nancy and Papendieck, Adam and Kocmich, Nicholas},
 journal = {Development Information Systems International},
 title = {Independent evaluation of the {U}shahidi {H}aiti project},
 year = {2011}
}

@inproceedings{mou-2016,
 author = {Mou, Lili and Meng, Zhao and Yan, Rui and Li, Ge and Xu, Yan and Zhang, Lu and Jin, Zhi},
 booktitle = emnlp,
 doi = {10.18653/v1/D16-1046},
 title = {How Transferable are Neural Networks in NLP Applications?},
 year = {2016}
}

@inproceedings{mrksic-2016,
 author = {Mrk{\v{s}}ic, Nikola and OS{\'e}aghdha, Diarmuid and Thomson, Blaise and Ga{\v{s}}ic, Milica and Rojas-Barahona, Lina and Su, Pei-Hao and Vandyke, David and Wen, Tsung-Hsien and Young, Steve},
 booktitle = naacl,
 title = {Counter-fitting Word Vectors to Linguistic Constraints},
 url = {https://www.aclweb.org/anthology/N16-1018.pdf},
 year = {2016}
}

@article{mrksic-2017,
 author = {Mrk{\v{s}}i{\'c}, Nikola and Vuli{\'c}, Ivan and S{\'e}aghdha, Diarmuid {\'O} and Leviant, Ira and Reichart, Roi and Ga{\v{s}}i{\'c}, Milica and Korhonen, Anna and Young, Steve},
 doi = {10.1162/tacl_a_00063},
 journal = tacl,
 pages = {309--324},
 title = {Semantic specialization of distributional word vector spaces using monolingual and cross-lingual constraints},
 volume = {5},
 year = {2017}
}

@inproceedings{ng-2010,
 author = {Ng, Vincent},
 booktitle = acl,
 title = {Supervised Noun Phrase Coreference Research: The First Fifteen Years},
 url = {https://www.aclweb.org/anthology/P10-1142},
 year = {2010}
}

@inproceedings{nguyen-2014,
 author = {Nguyen, Thang and Hu, Yuening and Boyd-Graber, Jordan},
 booktitle = acl,
 title = {Anchors regularized: {A}dding robustness and extensibility to scalable topic-modeling algorithms},
 url = {https://www.aclweb.org/anthology/P14-1034.pdf},
 year = {2014}
}

@inproceedings{nguyen-2015,
 author = {Nguyen, Thang and Boyd-Graber, Jordan and Lund, Jeffrey and Seppi, Kevin and Ringger, Eric},
 booktitle = naacl,
 doi = {10.3115/v1/N15-1076},
 title = {Is your anchor going up or down? Fast and accurate supervised topic models},
 year = {2015}
}

@inproceedings{ni-2011,
 author = {Ni, Xiaochuan and Sun, Jian-Tao and Hu, Jian and Chen, Zheng},
 booktitle = wsdm,
 title = {Cross lingual text classification by mining multilingual topics from wikipedia},
 year = {2011}
}

@article{pan-2010,
 author = {Pan, Sinno Jialin and Yang, Qiang},
 journal = {IEEE Transactions on knowledge and data engineering},
 number = {10},
 pages = {1345--1359},
 publisher = {IEEE},
 title = {A survey on transfer learning},
 volume = {22},
 year = {2010}
}

@article{pan-2011,
 author = {Pan, Sinno Jialin and Tsang, Ivor W. and Kwok, James T. and Yang, Qiang},
 journal = {IEEE Transactions on Neural Networks},
 number = {2},
 pages = {199--210},
 publisher = {IEEE},
 title = {Domain adaptation via transfer component analysis},
 volume = {22},
 year = {2010}
}

@inproceedings{pennington-2014,
 author = {Pennington, Jeffrey and Socher, Richard and Manning, Christopher D.},
 booktitle = emnlp,
 doi = {10.3115/v1/D14-1162},
 title = {Glo{V}e: {G}lobal vectors for word representation},
 year = {2014}
}

@inproceedings{peters-2018,
 author = {Peters, Matthew E. and  Neumann, Mark and Iyyer, Mohit and Gardner, Matt and Clark, Christopher and Lee, Kenton and Zettlemoyer, Luke},
 booktitle = naacl,
 doi = {10.18653/v1/N18-1202},
 title = {Deep contextualized word representations},
 year = {2018}
}

@inproceedings{petroni-2019,
 author = {Petroni, Fabio and Rockt{\"a}schel, Tim and Riedel, Sebastian and Lewis, Patrick and Bakhtin, Anton and Wu, Yuxiang and Miller, Alexander},
 booktitle = emnlp,
 title = {Language Models as Knowledge Bases?},
 url = {https://www.aclweb.org/anthology/D19-1250.pdf},
 year = {2019}
}

@inproceedings{poot-2020,
 author = {Poot, Corb{\`e}n  and
van Cranenburgh, Andreas},
 booktitle = {Proceedings of the Third Workshop on Computational Models of Reference, Anaphora and Coreference},
 title = {A Benchmark of Rule-Based and Neural Coreference Resolution in {D}utch Novels and News},
 url = {https://www.aclweb.org/anthology/2020.crac-1.9},
 year = {2020}
}

@inproceedings{poursabzi-2016,
 author = {Poursabzi-Sangdeh, Forough and Boyd-Graber, Jordan and Findlater, Leah and Seppi, Kevin},
 booktitle = acl,
 doi = {10.18653/v1/P16-1110},
 title = {{ALTO}: Active learning with topic overviews for speeding label induction and document labeling},
 year = {2016}
}

@inproceedings{pradhan-2012,
 author = {Pradhan, Sameer and Moschitti, Alessandro and Xue, Nianwen and Uryupina, Olga and Zhang, Yuchen},
 booktitle = {Joint Conference on {EMNLP} and {C}o{NLL} - Shared Task},
 title = {Co{NLL}-2012 shared task: {M}odeling multilingual unrestricted coreference in OntoNotes},
 url = {https://www.aclweb.org/anthology/W12-4501},
 year = {2012}
}

@inproceedings{pradhan-2013,
 author = {Pradhan, Sameer  and
Moschitti, Alessandro  and
Xue, Nianwen  and
Ng, Hwee Tou  and
Bj{\"o}rkelund, Anders  and
Uryupina, Olga  and
Zhang, Yuchen  and
Zhong, Zhi},
 booktitle = conll,
 title = {Towards Robust Linguistic Analysis using {O}nto{N}otes},
 url = {https://www.aclweb.org/anthology/W13-3516},
 year = {2013}
}

@inproceedings{prettenhofer-2010,
 author = {Peter Prettenhofer, Benno Stein},
 booktitle = acl,
 title = {Cross-Language Text Classificationusing Structural Correspondence Learning},
 url = {https://www.aclweb.org/anthology/P10-1114},
 year = {2010}
}

@article{pullum-2002,
 author = {Pullum, Geoffrey K and Scholz, Barbara C},
 journal = {The linguistic review},
 number = {1-2},
 pages = {9--50},
 publisher = {De Gruyter Mouton},
 title = {Empirical assessment of stimulus poverty arguments},
 volume = {19},
 year = {2002}
}

@misc{radford-2018,
 author = {Radford, Alec and Narasimhan, Karthik and Salimans, Tim and Sutskever, Ilya},
 title = {Improving language understanding by generative pre-training},
 year = {2018}
}

@misc{radford-2019,
 author = {Radford, Alec and Wu, Jeff and Child, Rewon and Luan, David and Amodei, Dario and Sutskever, Ilya},
 title = {Language Models are Unsupervised Multitask Learners},
 year = {2019}
}

@article{raffel-2020,
 author = {Raffel, Colin and Shazeer, Noam and Roberts, Adam and Lee, Katherine and Narang, Sharan and Matena, Michael and Zhou, Yanqi and Li, Wei and Liu, Peter J},
 journal = jmlr,
 number = {140},
 pages = {1--67},
 title = {Exploring the limits of transfer learning with a unified text-to-text transformer},
 volume = {21},
 year = {2020}
}

@inproceedings{rahman-2011,
 author = {Rahman, Altaf  and
Ng, Vincent},
 booktitle = acl,
 title = {Coreference Resolution with World Knowledge},
 url = {https://www.aclweb.org/anthology/P11-1082},
 year = {2011}
}

@inproceedings{rai-2010,
 author = {Rai, Piyush and Saha, Avishek and Daum{\'e} III, Hal and Venkatasubramanian, Suresh},
 booktitle = naacl,
 title = {Domain adaptation meets active learning},
 url = {https://www.aclweb.org/anthology/W10-0104},
 year = {2010}
}

@inproceedings{ramage-2009,
 author = {Ramage, Daniel and Hall, David and Nallapati, Ramesh and Manning, Christopher D.},
 booktitle = emnlp,
 title = {Labeled LDA: {A} supervised topic model for credit attribution in multi-labeled corpora},
 url = {https://www.aclweb.org/anthology/D09-1026},
 year = {2009}
}

@inproceedings{rapp-1999,
 author = {Rapp, Reinhard},
 booktitle = acl,
 doi = {10.3115/1034678.1034756},
 title = {Automatic Identification of Word Translations from Unrelated {E}nglish and {G}erman Corpora},
 year = {1999}
}

@inproceedings{rastogi-2015,
 author = {Rastogi, Pushpendre and Van Durme, Benjamin and Arora, Raman},
 booktitle = naacl,
 doi = {10.3115/v1/N15-1058},
 title = {Multiview {LSA}: {R}epresentation learning via generalized {CCA}},
 year = {2015}
}

@inproceedings{recasens-2010,
 author = {Recasens, Marta  and
M{\`a}rquez, Llu{\'\i}s  and
Sapena, Emili  and
Mart{\'\i}, M. Ant{\`o}nia  and
Taul{\'e}, Mariona  and
Hoste, V{\'e}ronique  and
Poesio, Massimo  and
Versley, Yannick},
 booktitle = semeval,
 title = {{S}em{E}val-2010 Task 1: Coreference Resolution in Multiple Languages},
 url = {https://www.aclweb.org/anthology/S10-1001},
 year = {2010}
}

@phdthesis{renner-2020,
 author = {Alison Renner},
 school = {University of {M}aryland},
 title = {Designing for the Human in the Loop: {T}ransparency and Control in Interactive Machine Learning},
 year = {2020}
}

@inproceedings{ribeiro-2016,
 author = {Ribeiro, Marco Tulio and Singh, Sameer and Guestrin, Carlos},
 booktitle = kdd,
 title = {"Why should I trust you?" Explaining the predictions of any classifier},
 year = {2016}
}

@inproceedings{ribeiro-2018,
 author = {Ribeiro, Marco Tulio and Singh, Sameer and Guestrin, Carlos},
 booktitle = aaai,
 title = {Anchors: {H}igh-Precision Model-Agnostic Explanations.},
 year = {2018}
}

@inproceedings{roesiger-2018,
 author = {Roesiger, Ina  and
Schulz, Sarah  and
Reiter, Nils},
 booktitle = {Proceedings of the Second Joint {SIGHUM} Workshop on Computational Linguistics for Cultural Heritage, Social Sciences, Humanities and Literature},
 title = {Towards Coreference for Literary Text: Analyzing Domain-Specific Phenomena},
 url = {https://www.aclweb.org/anthology/W18-4515},
 year = {2018}
}

@article{roh-2019,
 author = {Roh, Yuji and Heo, Geon and Whang, Steven Euijong},
 journal = {IEEE Transactions on Knowledge and Data Engineering},
 publisher = {IEEE},
 title = {A survey on data collection for machine learning: {A} big data-{AI} integration perspective},
 year = {2019}
}

@article{rousseeuw-1987,
 author = {Rousseeuw, Peter J.},
 journal = {Journal of Computational and Applied Mathematics},
 pages = {53--65},
 title = {Silhouettes: A graphical aid to the interpretation and validation of cluster analysis},
 volume = {20},
 year = {1987}
}

@inproceedings{roy-2001,
 author = {Roy, Nicholas and McCallum, Andrew},
 booktitle = icml,
 title = {Toward optimal active learning through monte carlo estimation of error reduction},
 year = {2001}
}

@phdthesis{ruder-2019,
 author = {Ruder, Sebastian},
 school = {NUI Galway},
 title = {Neural transfer learning for natural language processing},
 year = {2019}
}

@article{ruder-2019-clwe,
 author = {Ruder, Sebastian and Vuli{\'c}, Ivan and S{\o}gaard, Anders},
 journal = jair,
 pages = {569--631},
 title = {A Survey of Cross-lingual Word Embedding Models},
 volume = {65},
 year = {2019}
}

@inproceedings{sachan-2015,
 author = {Sachan, Mrinmaya and Hovy, Eduard and Xing, Eric P},
 booktitle = ijcai,
 title = {An active learning approach to coreference resolution},
 year = {2015}
}

@inproceedings{salazar-2020,
 author = {Julian Salazar and Davis Liang and Toan Q. Nguyen and Katrin Kirchhoff},
 booktitle = acl,
 doi = {10.18653/v1/2020.acl-main.240},
 title = {Masked Language Model Scoring},
 year = {2020}
}

@inproceedings{scheffer-2001,
 author = {Scheffer, Tobias and Decomain, Christian and Wrobel, Stefan},
 booktitle = {International Symposium on Intelligent Data Analysis},
 title = {Active hidden markov models for information extraction},
 year = {2001}
}

@inproceedings{schwenk-2018,
 author = {Schwenk, Holger and Li, Xian},
 booktitle = lrec,
 title = {A Corpus for Multilingual Document Classification in Eight Languages},
 year = {2018}
}

@inproceedings{sculley-2015,
 author = {Sculley, David and Holt, Gary and Golovin, Daniel and Davydov, Eugene and Phillips, Todd and Ebner, Dietmar and Chaudhary, Vinay and Young, Michael and Crespo, Jean-Francois and Dennison, Dan},
 booktitle = nips,
 title = {Hidden technical debt in machine learning systems},
 year = {2015}
}

@inproceedings{sener-2018,
 author = {Ozan Sener and Silvio Savarese},
 booktitle = iclr,
 title = {Active Learning for Convolutional Neural Networks: {A} Core-Set Approach},
 year = {2018}
}

@inproceedings{settles-2008,
 author = {Settles, Burr and Craven, Mark and Ray, Soumya},
 booktitle = nips,
 title = {Multiple-instance active learning},
 year = {2008}
}

@inproceedings{settles-2008-cost,
 author = {Settles, Burr and Craven, Mark and Friedland, Lewis},
 booktitle = {Proceedings of the NIPS workshop on cost-sensitive learning},
 title = {Active learning with real annotation costs},
 year = {2008}
}

@techreport{settles-2009,
 author = {Settles, Burr},
 institution = {University of Wisconsin-Madison Department of Computer Sciences},
 title = {Active learning literature survey},
 year = {2009}
}

@inproceedings{settles-2011,
 author = {Settles, Burr},
 booktitle = emnlp,
 title = {Closing the Loop: Fast, Interactive Semi-Supervised Annotation  With Queries on Features and Instances},
 url = {https://www.aclweb.org/anthology/D11-1136},
 year = {2011}
}

@inproceedings{shah-2018,
 author = {Shah, Darsh  and      Lei, Tao  and
Moschitti, Alessandro  and
Romeo, Salvatore  and
Nakov, Preslav},
 booktitle = emnlp,
 doi = {10.18653/v1/D18-1131},
 title = {Adversarial Domain Adaptation for Duplicate Question Detection},
 year = {2018}
}

@article{shannon-1948,
 author = {Shannon, Claude Elwood},
 journal = {Bell system technical journal},
 title = {A mathematical theory of communication},
 volume = {27},
 year = {1948}
}

@inproceedings{shen-2004,
 author = {Shen, Dan and Zhang, Jie and Su, Jian and Zhou, Guodong and Tan, Chew-Lim},
 booktitle = acl,
 title = {Multi-criteria-based active learning for named entity recognition},
 url = {https://www.aclweb.org/anthology/P04-1075.pdf},
 year = {2004}
}

@inproceedings{shen-2018,
 author = {Yanyao Shen and Hyokun Yun and Zachary C. Lipton and Yakov Kronrod and Animashree Anandkumar},
 booktitle = iclr,
 title = {Deep Active Learning for Named Entity Recognition},
 year = {2018}
}

@inproceedings{shi-2010,
 author = {Shi, Lei and Mihalcea, Rada and Tian, Mingjun},
 booktitle = emnlp,
 title = {Cross language text classification by model translation and semi-supervised learning},
 url = {https://www.aclweb.org/anthology/D10-1103},
 year = {2010}
}

@inproceedings{shi-2016,
 author = {Shi, Bei and Lam, Wai and Bing, Lidong and Xu, Yinqing},
 booktitle = acl,
 doi = {10.18653/v1/P16-1064},
 title = {Detecting Common Discussion Topics Across Culture From News Reader Comments},
 year = {2016}
}

@inproceedings{siddhant-2018,
 author = {Aditya Siddhant and Zachary C. Lipton},
 booktitle = emnlp,
 doi = {10.18653/v1/D18-1318},
 title = {Deep Bayesian Active Learning for Natural Language Processing: {R}esults of a Large-Scale Empirical Study},
 year = {2018}
}

@article{silver-2016,
 author = {Silver, David and Huang, Aja and Maddison, Chris J and Guez, Arthur and Sifre, Laurent and Van Den Driessche, George and Schrittwieser, Julian and Antonoglou, Ioannis and Panneershelvam, Veda and Lanctot, Marc and others},
 journal = {Nature},
 number = {7587},
 pages = {484--489},
 publisher = {Nature Publishing Group},
 title = {Mastering the game of {G}o with deep neural networks and tree search},
 volume = {529},
 year = {2016}
}

@article{simonyan-2013,
 author = {Karen Simonyan and Andrea Vedaldi and Andrew Zisserman},
 journal = {arXiv preprint arXiv:1312.6034},
 title = {Deep Inside Convolutional Networks: {V}isualising Image Classification Models and Saliency Maps},
 year = {2013}
}

@inproceedings{singla-2019,
 author = {Singla, Sahil and Wallace, Eric and Feng, Shi and Feizi, Soheil},
 booktitle = icml,
 title = {Understanding Impacts of High-Order Loss Approximations and Features in Deep Learning Interpretation},
 year = {2019}
}

@inproceedings{socher-2013,
 author = {Socher, Richard and Perelygin, Alex and Wu, Jean and Chuang, Jason and Manning, Christopher D. and Ng, Andrew Y. and Potts, Christopher},
 booktitle = emnlp,
 title = {Recursive deep models for semantic compositionality over a sentiment treebank},
 url = {https://www.aclweb.org/anthology/D13-1170},
 year = {2013}
}

@inproceedings{sogaard-2018,
 author = {S{\o}gaard, Anders and Ruder, Sebastian and Vuli{\'c}, Ivan},
 booktitle = acl,
 doi = {10.18653/v1/P18-1072},
 title = {On the Limitations of Unsupervised Bilingual Dictionary Induction},
 year = {2018}
}

@inproceedings{strassel-2016,
 author = {Stephanie Strassel and Jennifer Tracey},
 booktitle = {Language Resources and Evaluation Conference},
 title = {{LORELEI} Language Packs: Data, Tools, and Resources for Technology Development in Low Resource Languages.},
 year = {2016}
}

@inproceedings{strassel-2017,
 author = {Stephanie Strassel and Ann Bies and Jennifer Tracey},
 booktitle = {Exploitation of Social Media for Emergency Relief and Preparedness},
 title = {Situational Awareness for Low Resource Languages: the {LORELEI} Situation Frame Annotation Task.},
 year = {2017}
}

@inproceedings{strubell-2019,
 author = {Emma Strubell and Ananya Ganesh and Andrew McCallum},
 booktitle = acl,
 doi = {10.18653/v1/P19-1355},
 title = {Energy and Policy Considerations for Deep Learning in {NLP}},
 year = {2019}
}

@inproceedings{su-2020,
 author = {Su, Jong-Chyi and Tsai, Yi-Hsuan and Sohn, Kihyuk and Liu, Buyu and Maji, Subhransu and Chandraker, Manmohan},
 booktitle = {{Winter Conference on Applications of Computer Vision}},
 title = {Active adversarial domain adaptation},
 year = {2020}
}

@article{swartout-1983,
 author = {Swartout, William R.},
 journal = ai,
 number = {3},
 pages = {285--325},
 title = {XPLAIN: A system for creating and explaining expert consulting programs},
 volume = {21},
 year = {1983}
}

@inproceedings{szegedy-2016,
 author = {Christian Szegedy and Vincent Vanhoucke and Sergey Ioffe and Jonathon Shlens and Zbigniew Wojna},
 booktitle = cvpr,
 title = {Rethinking the {I}nception Architecture for Computer Vision},
 year = {2016}
}

@article{taatgen-2013,
 author = {Taatgen, Niels A.},
 journal = {Psychological review},
 number = {3},
 pages = {439},
 title = {The nature and transfer of cognitive skills.},
 volume = {120},
 year = {2013}
}

@inproceedings{tenney-2019,
 author = {Tenney, Ian and Xia, Patrick and Chen, Berlin and Wang, Alex and Poliak, Adam and McCoy, R. Thomas and Kim, Najoung and Van Durme, Benjamin and Bowman, Samuel R. and Das, Dipanjan and others},
 booktitle = iclr,
 title = {What do you learn from context? {P}robing for sentence structure in contextualized word representations},
 year = {2019}
}

@article{tomasev-2013,
 author = {Tomasev, Nenad and Radovanovic, Milos and Mladenic, Dunja and Ivanovic, Mirjana},
 journal = {IEEE {T}ransactions on {K}nowledge and {D}ata {E}ngineering},
 number = {3},
 pages = {739--751},
 publisher = {{IEEE}},
 title = {The role of hubness in clustering high-dimensional data},
 volume = {26},
 year = {2013}
}

@inproceedings{tong-2001,
 author = {Tong, Simon and Koller, Daphne},
 booktitle = jmlr,
 title = {Support vector machine active learning with applications to text classification},
 year = {2001}
}

@inproceedings{turian-2010,
 author = {Turian, Joseph  and      Ratinov, Lev-Arie  and
Bengio, Yoshua},
 booktitle = acl,
 title = {Word Representations: A Simple and General Method for Semi-Supervised Learning},
 year = {2010}
}

@article{van-1975,
 author = {Van Rijsbergen, Cornelis Joost and Croft, W Bruce},
 journal = {Information Processing \& Management},
 number = {5-7},
 pages = {171--182},
 publisher = {Elsevier},
 title = {Document clustering: {A}n evaluation of some experiments with the {C}ranfield 1400 collection},
 volume = {11},
 year = {1975}
}

@inproceedings{vaswani-2017,
 author = {Vaswani, Ashish and Shazeer, Noam and Parmar, Niki and Uszkoreit, Jakob and Jones, Llion and Gomez, Aidan N. and Kaiser, {\L}ukasz and Polosukhin, Illia},
 booktitle = nips,
 title = {Attention is all you need},
 year = {2017}
}

@inproceedings{vauquois-1968,
 author = {Vauquois, Bernard},
 booktitle = {{IFIP} {C}ongress-68},
 title = {A survey of formal grammars and algorithms for recognition and transformation in mechanical translation.},
 year = {1968}
}

@inproceedings{vilain-1995,
 author = {Vilain, Marc  and
Burger, John  and
Aberdeen, John  and
Connolly, Dennis  and
Hirschman, Lynette},
 booktitle = {Sixth Message Understanding Conference ({MUC}-6): Proceedings of a Conference Held in {C}olumbia, {M}aryland},
 title = {A Model-Theoretic Coreference Scoring Scheme},
 url = {https://www.aclweb.org/anthology/M95-1005},
 year = {1995}
}

@article{voorhees-2020,
 author = {Ellen Voorhees and Tasmeer Alam and Steven Bedrick and Dina Demner-Fushman and William R. Hersh and Kyle Lo and Kirk Roberts and Ian Soboroff and Lucy Lu Wang},
 eprint = {arXiv:2005.04474},
 journal = {arXiv preprint arXiv:2005.04474},
 title = {{TREC-COVID}: Constructing a Pandemic Information Retrieval Test Collection},
 year = {2020}
}

@inproceedings{vu-2019,
 author = {Vu, Thuy and Liu, Ming and Phung, Dinh and Haffari, Gholamreza},
 booktitle = acl,
 doi = {10.18653/v1/P19-1401},
 title = {Learning how to active learn by dreaming},
 year = {2019}
}

@inproceedings{vulic-2013,
 author = {Vuli{\'c}, Ivan  and      Moens, Marie-Francine},
 booktitle = naacl,
 title = {Cross-Lingual Semantic Similarity of Words as the Similarity of Their Semantic Word Responses},
 url = {https://www.aclweb.org/anthology/N13-1011},
 year = {2013}
}

@inproceedings{vulic-2016,
 author = {Vuli{\'c}, Ivan and Korhonen, Anna-Leena},
 booktitle = acl,
 title = {On the Role of Seed Lexicons in Learning Bilingual Word Embeddings},
 url = {https://www.aclweb.org/anthology/P16-1024.pdf},
 year = {2016}
}

@article{wallace-2019,
 author = {Wallace, Eric and Rodriguez, Pedro and Feng, Shi and Yamada, Ikuya and Boyd-Graber, Jordan},
 doi = {10.1162/tacl_a_00279},
 journal = tacl,
 pages = {387--401},
 title = {Trick me if you can: {H}uman-in-the-loop generation of adversarial examples for question answering},
 volume = {7},
 year = {2019}
}

@inproceedings{wallach-2006,
 author = {Wallach, Hanna M},
 booktitle = icml,
 title = {Topic modeling: {B}eyond bag-of-words},
 year = {2006}
}

@inproceedings{wang-2014,
 author = {Wang, Dan and Shang, Yi},
 booktitle = ijcnn,
 title = {A new active labeling method for deep learning},
 year = {2014}
}

@article{wang-2015,
 author = {Wang, Zheng and Ye, Jieping},
 journal = {{ACM Transactions on Knowledge Discovery from Data (TKDD)}},
 number = {3},
 pages = {1--23},
 title = {Querying discriminative and representative samples for batch mode active learning},
 volume = {9},
 year = {2015}
}

@inproceedings{wang-2019-glue,
 author = {Wang, Alex and Singh, Amanpreet and Michael, Julian and Hill, Felix and Levy, Omer and Bowman, Samuel R},
 booktitle = iclr,
 title = {{GLUE}: {A} Multi-Task Benchmark and Analysis Platform for Natural Language Understanding},
 year = {2019}
}

@inproceedings{wang-2019-super,
 author = {Alex Wang and Yada Pruksachatkun and Nikita Nangia and Amanpreet Singh and Julian Michael and Felix Hill and Omer Levy and Samuel R Bowman},
 booktitle = nips,
 title = {Super{GLUE}: {A} Stickier Benchmark for General-Purpose Language Understanding Systems},
 year = {2019}
}

@book{watt-1957,
 address = {London},
 author = {Watt, Ian},
 publisher = {Chatto \& Windus},
 title = {The {R}ise of the {N}ovel: {S}tudies in {D}efoe, {F}ielding, and {R}ichardson},
 year = {1957}
}

@inproceedings{webster-2014,
 author = {Webster, Kellie  and
Curran, James R.},
 booktitle = coling,
 title = {Limited memory incremental coreference resolution},
 url = {https://www.aclweb.org/anthology/C14-1201},
 year = {2014}
}

@article{wei-2019,
 author = {Wei, Qiang and Chen, Yukun and Salimi, Mandana and Denny, Joshua C and Mei, Qiaozhu and Lasko, Thomas A and Chen, Qingxia and Wu, Stephen and Franklin, Amy and Cohen, Trevor and others},
 journal = {Journal of the American Medical Informatics Association},
 pages = {1314--1322},
 title = {Cost-aware active learning for named entity recognition in clinical text},
 volume = {26},
 year = {2019}
}

@inproceedings{wohlwend-2019,
 author = {Wohlwend, Jeremy  and      Elenberg, Ethan R  and
Altschul, Sam  and
Henry, Shawn  and
Lei, Tao},
 booktitle = {Proceedings of the 2nd Workshop on Deep Learning Approaches for Low-Resource NLP (DeepLo 2019)},
 doi = {10.18653/v1/D19-6116},
 title = {Metric Learning for Dynamic Text Classification},
 year = {2019}
}

@book{wolf-2011,
 author = {Gert W. Wolf},
 publisher = {Taylor and Francis},
 title = {Facility location: concepts, models, algorithms and case studies},
 year = {2011}
}

@inproceedings{wu-2008,
 author = {Wu, Ke and Wang, Xiaolin and Lu, Bao-Liang},
 booktitle = ijcnlp,
 title = {Cross language text categorization using a bilingual lexicon},
 url = {https://www.aclweb.org/anthology/I08-1022},
 year = {2008}
}

@inproceedings{wu-2017,
 author = {Wu, Fangzhao  and
Huang, Yongfeng  and
Yan, Jun},
 booktitle = acl,
 doi = {10.18653/v1/P17-1156},
 title = {Active Sentiment Domain Adaptation},
 year = {2017}
}

@inproceedings{wu-2019,
 author = {Wu, Shijie and Dredze, Mark},
 booktitle = emnlp,
 doi = {10.18653/v1/D19-1077},
 title = {Beto, Bentz, Becas: The Surprising Cross-Lingual Effectiveness of {BERT}},
 year = {2019}
}

@inproceedings{wu-2020,
 author = {Wu, Zhaofeng and Gardner, Matt},
 booktitle = {Proceedings of the Fourth Workshop on Computational Models of Reference, Anaphora and Coreference},
 doi = {10.18653/v1/2021.crac-1.16},
 title = {Understanding Mention Detector-Linker Interaction for Neural Coreference Resolution},
 year = {2021}
}

@inproceedings{wu-2020-corefqa,
 author = {Wu, Wei  and
Wang, Fei  and
Yuan, Arianna  and
Wu, Fei  and
Li, Jiwei},
 booktitle = acl,
 doi = {10.18653/v1/2020.acl-main.622},
 title = {{C}oref{QA}: Coreference Resolution as Query-based Span Prediction},
 year = {2020}
}

@inproceedings{xia-2020,
 author = {Xia, Patrick  and
Sedoc, Jo{\~a}o  and
Van Durme, Benjamin},
 booktitle = emnlp,
 doi = {10.18653/v1/2020.emnlp-main.695},
 title = {Incremental Neural Coreference Resolution in Constant Memory},
 year = {2020}
}

@inproceedings{xia-2021,
 author = {Xia, Patrick and Van Durme, Benjamin},
 booktitle = emnlp,
 doi={10.18653/v1/2021.emnlp-main.425},
 title = {Moving on from {OntoNotes}: {C}oreference Resolution Model Transfer},
 year = {2021}
}

@inproceedings{xiao-2013,
 author = {Min Xiao and Yuhong Guo},
 booktitle = nips,
 title = {A novel two-step method for cross language representation learning},
 year = {2013}
}

@inproceedings{xing-2015,
 author = {Xing, Chao  and      Wang, Dong  and
Liu, Chao  and
Lin, Yiye},
 booktitle = naacl,
 title = {Normalized Word Embedding and Orthogonal Transform for Bilingual Word Translation},
 year = {2015}
}

@inproceedings{xu-2003,
 author = {Xu, Zhao and Yu, Kai and Tresp, Volker and Xu, Xiaowei and Wang, Jizhi},
 booktitle = ecir,
 title = {Representative sampling for text classification using support vector machines},
 year = {2003}
}

@inproceedings{xu-2017,
 author = {Xu, Ruochen and Yang, Yiming},
 booktitle = acl,
 doi = {10.18653/v1/P17-1130},
 title = {Cross-lingual Distillation for Text Classification},
 year = {2017}
}

@inproceedings{xwang-2014,
 author = {Wang, Xuezhi and Huang, Tzu-Kuo and Schneider, Jeff},
 booktitle = iclr,
 title = {Active transfer learning under model shift},
 year = {2014}
}

@inproceedings{yang-2016,
 author = {Yang, Zichao and Yang, Diyi and Dyer, Chris and He, Xiaodong and Smola, Alex and Hovy, Eduard},
 booktitle = naacl,
 doi = {10.18653/v1/N16-1174},
 title = {Hierarchical attention networks for document classification},
 year = {2016}
}

@inproceedings{yang-2019,
 author = {Zhilin Yang and Zihang Dai and Yiming Yang and Jaime Carbonell and Ruslan Salakhutdinov and Quoc V. Le},
 booktitle = nips,
 title = {{XLNet}: Generalized Autoregressive Pretraining for Language Understanding},
 year = {2019}
}

@book{yip-1997,
 author = {Yip, Wai-lim},
 publisher = {Duke University Press},
 title = {Chinese Poetry, Revised: {A}n Anthology of Major Modes and Genres},
 year = {1997}
}

@inproceedings{yuan-2018,
 author = {Yuan, Michelle and Van Durme, Benjamin and Boyd-Graber, Jordan},
 booktitle = nips,
 title = {Multilingual Anchoring: Interactive Topic Modeling and Alignment Across Languages},
 year = {2018}
}

@inproceedings{yuan-2020-alps,
 author = {Michelle Yuan and Hsuan-Tien Lin and Jordan Boyd-Graber},
 booktitle = emnlp,
 doi = {10.18653/v1/2020.emnlp-main.637},
 title = {Cold-start Active Learning through Self-Supervised Language Modeling},
 year = {2020}
}

@inproceedings{yuan-2020-clime,
 author = {Michelle Yuan and Mozhi Zhang and Benjamin Van Durme and Leah Findlater and Jordan Boyd-Graber},
 booktitle = emnlp,
 doi = {10.18653/v1/2020.emnlp-main.482},
 title = {Interactive Refinement of Cross-Lingual Word Embeddings},
 year = {2020}
}

@inproceedings{yurochkin-2017,
 author = {Yurochkin, Mikhail and Guha, Aritra and Nguyen, XuanLong},
 booktitle = nips,
 title = {Conic Scan-and-Cover algorithms for nonparametric topic modeling},
 year = {2017}
}

@inproceedings{zalan-2011,
 author = {Bod\'o, Zal\'an and Zsolt Minier and Lehel Csat\'o},
 booktitle = {Active Learning and Experimental Design Workshop in Conjunction with AISTATS 2010},
 title = {Active learning with clustering},
 year = {2011}
}

@inproceedings{zeiler-2014,
 author = {Zeiler, Matthew D. and Fergus, Rob},
 booktitle = eccv,
 title = {Visualizing and understanding convolutional networks},
 year = {2014}
}

@inproceedings{zhang-2015,
 author = {Zhang, Xiang and Zhao, Junbo and LeCun, Yann},
 booktitle = nips,
 title = {Character-level convolutional networks for text classification},
 year = {2015}
}

@inproceedings{zhang-2017,
 author = {Zhang, Ye and Lease, Matthew and Wallace, Byron C.},
 booktitle = aaai,
 title = {Active discriminative text representation learning},
 year = {2017}
}

@inproceedings{zhao-2006,
 author = {Zhao, Bing and Xing, Eric P.},
 booktitle = coling,
 title = {{BiTAM}: {B}ilingual topic admixture models for word alignment},
 url = {https://www.aclweb.org/anthology/P06-2124},
 year = {2006}
}

@inproceedings{zhao-2014,
 author = {Zhao, Shanheng  and
Ng, Hwee Tou},
 booktitle = {Proceedings of the 5th International Workshop on Health Text Mining and Information Analysis (Louhi)},
 doi = {10.3115/v1/W14-1104},
 title = {Domain Adaptation with Active Learning for Coreference Resolution},
 year = {2014}
}

@inproceedings{zhu-2007,
 author = {Zhu, Jingbo and Hovy, Eduard},
 booktitle = emnlp,
 title = {Active learning for word sense disambiguation with methods for addressing the class imbalance problem},
 url = {https://www.aclweb.org/anthology/D07-1082},
 year = {2007}
}

@inproceedings{zhu-2008,
 author = {Zhu, Jingbo and Wang, Huizhen and Yao, Tianshun and Tsou, Benjamin K.},
 booktitle = coling,
 title = {Active learning with sampling by uncertainty and density for word sense disambiguation and text classification},
 url = {https://www.aclweb.org/anthology/C08-1143},
 year = {2008}
}

