%% This BibTeX bibliography file was created using BibDesk.
%% http://bibdesk.sourceforge.net/



%% Saved with string encoding Unicode (UTF-8) 

@inproceedings{haertel2010parallel,
	Author = {Haertel, Robbie A. and Felt, Paul and Ringger, Eric K. and Seppi, Kevin},
	Booktitle = {Proc. HLT-NAACL 2010 Workshop on Active Learning for Natural Language Processing},
	Title = {Parallel active learning: {E}liminating wait time with minimal staleness},
	Year = {2010}}

@inproceedings{donmez_proactive_2008,
	Author = {Donmez, Pinar and Carbonell, Jaime G.},
	Booktitle = {Proc. ACM Conference on Information and Knowledge Management},
	Title = {Proactive learning: Cost-sensitive active learning with multiple imperfect oracles},
	Year = {2008}}

@article{marcus1993building,
	Author = {Marcus, Mitchell P. and Marcinkiewicz, Mary Ann and Santorini, Beatrice},
	Journal = {Computational Linguistics},
	Number = {2},
	Pages = {313--330},
	Publisher = {MIT Press},
	Title = {Building a large annotated corpus of {E}nglish: The {P}enn
		{T}reebank},
	Volume = {19},
	Year = {1993}}


@inproceedings{carroll_ecal_2007,
  author={Carroll, James and Haertel, Robbie A. and McClanahan, Peter and Ringger, Eric K. and Seppi, Kevin},
  title={Modeling the annotation process for ancient corpus creation},
  booktitle = {Proc. International Conference of Electronic Corpora of Ancient Languages (ECAL)},
  year={2007}
}


@phdthesis{carroll_bayesian_2010,
  title={A {B}ayesian Decision Theoretical Approach to Supervised Learning, Selective Sampling, and Empirical Function Optimization},
  author={Carroll, James},
  year={2010},
  school={Brigham Young University}
}

@phdthesis{haertel_dissertation_2013,
  title={Practical Cost-Conscious Active Learning for Data Annotation in Annotator-Initiated Environments},
  author={Haertel, Robbie A.},
  year={2013},
  school={Brigham Young University}
}


@inproceedings{liang_learning_2009,
  title={Learning from measurements in exponential families},
  author={Liang, Percy and Jordan, Michael I. and Klein, Dan},
  booktitle={Proc. International Conference on Machine Learning (ICML)},
  year={2009}
}


@inproceedings{sheng2008get,
  title={Get another label? {I}mproving data quality and data mining using multiple, noisy labelers},
  author={Sheng, Victor S. and Provost, Foster and Ipeirotis, Panagiotis G.},
  booktitle={Proc. ACM SIGKDD International Conference on Knowledge Discovery and Data Mining (KDD)},
  year={2008}
}


@inproceedings{smyth1995inferring,
  title={Inferring ground truth from subjective labelling of {V}enus images},
  author={Smyth, Padhraic and Fayyad, Usama and Burl, Michael and Perona, Pietro and Baldi, Pierre},
  booktitle={Proc. Advances in Neural Information Processing Systems (NIPS)},
  year={1995}
}

@article{dawid1979maximum,
  title={Maximum likelihood estimation of observer error-rates using the {EM} algorithm},
  author={Dawid, Alexander P. and Skene, Allan M.},
  journal={Applied Statistics},
  pages={20--28},
  year={1979}
}

@article{carpenter2008multilevel,
  title={Multilevel {B}ayesian models of categorical data annotation},
  author={Carpenter, Bob},
  journal={Unpublished manuscript},
  year={2008},
  publisher={Citeseer}
}


@inproceedings{joachims1997probabilistic,
  title={A Probabilistic Analysis of the {R}occhio Algorithm with {TFIDF} for Text Categorization},
  author={Joachims, T.},
  booktitle={Proc. International Conference on Machine Learning (ICML)},
  year={1997}
}



@inproceedings{pasternack2013latent,
  title={Latent credibility analysis},
  author={Pasternack, Jeff and Roth, Dan},
  booktitle={Proc. International Conference on World Wide Web (WWW)},
  year={2013}
}


@inproceedings{PasternackRo10,
  author={Pasternack, Jeff and Roth, Dan},
  title = {Knowing What to Believe (when you already know something)},
  booktitle = {Proc. International Conference on Computational Linguistics (COLING)},
  year = {2010}
}

@inproceedings{han2009mining,
  title={Mining heterogeneous information networks by exploring the power of links},
  author={Han, Jiawei},
  booktitle={Proc. International Conference on Discovery Science (DS)},
  year={2009}
}

@inproceedings{whitehill2009whose,
  title={Whose vote should count more: Optimal integration of labels from labelers of unknown expertise},
  author={Whitehill, Jacob and Wu, Ting-fan and Bergsma, Jacob and Movellan, Javier R and Ruvolo, Paul L.},
  booktitle={Proc. Advances in Neural Information Processing Systems (NIPS)},
  year={2009}
}

@article{raykar2012eliminating,
  title={Eliminating spammers and ranking annotators for crowdsourced labeling tasks},
  author={Raykar, Vikas C. and Yu, Shipeng},
  journal={The Journal of Machine Learning Research},
  volume={13},
  pages={491--518},
  year={2012}
}

@inproceedings{hovy2013learning,
  title={Learning Whom to trust with {MACE}},
  author={Hovy, Dirk and Berg-Kirkpatrick, Taylor and Vaswani, Ashish and Hovy, Eduard H.},
  booktitle={Proc. Conference of the North American Chapter of the Association for Computational Linguistics: Human Language Technologies (NAACL-HLT)},
  year={2013}
}

@inproceedings{bragg2013crowdsourcing,
  title={Crowdsourcing Multi-Label Classification for Taxonomy Creation},
  author={Bragg, Jonathan and Mausam and Weld, Daniel S.},
  booktitle={Proc. Conference on Human Computation and Crowdsourcing (HCOMP)},
  year={2013}
}

@inproceedings{lin2012dynamically,
  title={Dynamically Switching between Synergistic Workflows for Crowdsourcing},
  author={Lin, C. and Mausam and Weld, D.},
  booktitle={Proc. Conference on Artificial Intelligence (AAAI)},
  year={2012}
}

@article{liu1994collapsed,
     title = {The Collapsed {G}ibbs Sampler in {B}ayesian Computations with Applications to a Gene Regulation Problem},
     author = {Liu, Jun S.},
     journal = {Journal of the American Statistical Association},
     volume = {89},
     number = {427},
     pages = {958-966},
     year = {1994}
    }

@inproceedings{zhou2012learning,
  title={Learning from the Wisdom of Crowds by Minimax Entropy},
  author={Zhou, Dengyong and Basu, Sumit and Mao, Yi and Platt, John C.},
  booktitle={Proc. Advances in Neural Information Processing Systems (NIPS)},
  year={2012}
}

@article{nigam2006semi,
  title={Semi-Supervised Text Classification using {EM}},
  author={Nigam, Kamal and McCallum, Andrew and Mitchell, Tom},
  journal={Semi-Supervised Learning},
  pages={33--56},
  year={2006},
  publisher={The MIT Press, Cambridge, MA}
}

@article{stephens2000dealing,
  title={Dealing with Label Switching in Mixture Models},
  author={Stephens, Matthew},
  journal={Journal of the Royal Statistical Society},
  volume={62},
  number={4},
  pages={795--809},
  year={2000},
  publisher={Wiley Online Library}
}

@article{berry2001topic,
  title={Topic Annotated {E}nron Email Data Set},
  author={Berry, Michael W. and Browne, Murray and Signer, Ben},
  journal={Linguistic Data Consortium},
  year={2001}
}

@phdthesis{walker_bayesian_2012,
  title={{B}ayesian Text Analytics for Document Collections},
  author={Walker, Daniel D.},
  year={2012},
  school={Brigham Young University}
}

@book{kucera_computational_1967,
  added-at = {2009-06-04T20:45:33.000+0200},
  address = {Providence, {RI}},
  author = {Kucera, Henry and Francis, W. Nelson},
  biburl = {http://www.bibsonomy.org/bibtex/2211c068dad98689f6b9dd5265c42de0a/quesada},
  description = {Computational Analysis of Present-day American English},
  interhash = {ff9d0efba51bbd62bd957975c9797138},
  intrahash = {211c068dad98689f6b9dd5265c42de0a},
  keywords = {jabref:noKeywordAssigned},
  publisher = {Brown University Press},
  timestamp = {2009-06-04T20:45:33.000+0200},
  title = {Computational Analysis of Present-day American English},
  year = 1967
}

@article{gardner2007pointing,
  title={Pointing Out Frequent Phrasal Verbs: A Corpus-Based Analysis},
  author={Gardner, Dee and Davies, Mark},
  journal={Tesol Quarterly},
  volume={41},
  number={2},
  pages={339--359},
  year={2007},
  publisher={Wiley Online Library}
}


@inproceedings{snow2008cheap,
  title={Cheap and Fast---But is it Good?: Evaluating Non-expert Annotations for Natural Language Tasks},
  author={Snow, Rion and O'Connor, Brendan and Jurafsky, Daniel and Ng, Andrew Y.},
  booktitle={Proc. Conference on Empirical Methods in Natural Language Processing (EMNLP)},
  year={2008}
}

@inproceedings{lam2005toward,
  title={Toward Optimal Labeling Strategy under Multiple Unreliable Labelers},
  author={Lam, Chuck P. and Stork, David G.},
  booktitle={Proc. AAAI Spring Symposium: Knowledge Collection from Volunteer Contributors},
  year={2005}
}

@inproceedings{jurgens2013embracing,
  title={Embracing Ambiguity: A Comparison of Annotation Methodologies for Crowdsourcing Word Sense Labels},
  author={Jurgens, David},
  booktitle={Proc. Conference of the North American Chapter of the Association for Computational Linguistics: Human Language Technologies (NAACL-HLT)},
  year={2013}
}


@inproceedings{nguyen-13:shlda,
    author={Nguyen, Viet-An and Boyd-Graber, Jordan L. and Resnik, Philip},
	booktitle = {Proc. Advances in Neural Information Processing Systems (NIPS)},
	year = {2013},
	title = {Lexical and Hierarchical Topic Regression}
}

@article{besag1986statistical,
  title={On the Statistical Analysis of Dirty Pictures},
  author={Besag, Julian},
  journal={Journal of the Royal Statistical Society},
  volume={48},
  number={3},
  pages={259--302},
  year={1986}
}

@inproceedings{liu2012variational,
  title={Variational Inference for Crowdsourcing},
  author={Liu, Qiang and Peng, Jian and Ihler, Alex T.},
  booktitle={Proc. Advances in Neural Information Processing Systems (NIPS)},
  year={2012}
}

@book{surowiecki2005wisdom,
  title={The Wisdom of Crowds},
  author={Surowiecki, James},
  year={2005},
  publisher={Random House LLC}
}

@inproceedings{nowak2010reliable,
  title={How reliable are annotations via crowdsourcing: a study about inter-annotator agreement for multi-label image annotation},
  author={Nowak, S. and R{\"u}ger, S.},
  booktitle={Proc. International Conference on Multimedia Information Retrieval (ICMR)},
  year={2010}
}

@inproceedings{feltmomresp14,
  title={{M}om{R}esp: A {B}ayesian Model for Multi-Annotator Document Labeling},
  author={Felt, Paul and Haertel, Robbie A. and Ringger, Eric K. and Seppi, Kevin},
  booktitle = {Proc. International Conference on Language Resources and Evaluation (LREC)},
  year = {2014}
}

@inproceedings{felt14transfer,
  title={Using Transfer Learning to Assist Exploratory Corpus Annotation},
  author={Felt, Paul and Ringger, Eric K. and Seppi, Kevin D. and Heal, Kristian},
  booktitle = {Proc. International Conference on Language Resources and Evaluation (LREC)},
  year = {2014}
}

@article{raykar2010learning,
  title={Learning from Crowds},
  author={Raykar, Vikas C. and Yu, Shipeng and Zhao, Linda H. and Valadez, Gerardo Hermosillo and Florin, Charles and Bogoni, Luca and Moy, Linda},
  journal={The Journal of Machine Learning Research},
  volume={11},
  pages={1297--1322},
  year={2010}
}

@inproceedings{yan2010modeling,
  title={Modeling annotator expertise: Learning when everybody knows a bit of something},
  author={Yan, Y. and Rosales, R. and Fung, G. and Schmidt, M. and Valadez, G. and Bogoni, L. and Moy, L. and Dy, J.},
  booktitle={International Conference on Artificial Intelligence and Statistics (AISTATS)},
  year={2010}
}

@inproceedings{ng2001discriminative,
  title={On discriminative vs. generative classifiers: A comparison of logistic regression and {N}aive {B}ayes},
  author={Ng, Andrew Y. and Jordan, Michael I.},
  booktitle={Proc. Advances in Neural Information Processing Systems (NIPS)},
  year={2001}
}

@article{braun2010variational,
  title={Variational inference for large-scale models of discrete choice},
  author={Braun, M. and McAuliffe, J.},
  journal={Journal of the American Statistical Association},
  volume={105},
  number={489},
  pages={324--335},
  year={2010},
  publisher={Taylor \& Francis}
}

@article{blei2007correlated,
  title={A Correlated Topic Model of Science},
  author={Blei, D. and Lafferty, J.},
  journal={The Annals of Applied Statistics},
  pages={17--35},
  year={2007},
  publisher={JSTOR}
}

@inproceedings{welinder2010multidimensional,
  title={The multidimensional wisdom of crowds},
  author={Welinder, Peter and Branson, Steve and Perona, Pietro and Belongie, Serge J.},
  booktitle={Proc. Advances in Neural Information Processing Systems (NIPS)},
  year={2010}
}

@article{yan2014learning,
  title={Learning from multiple annotators with varying expertise},
  author={Yan, Yan and Rosales, R{\'o}mer and Fung, Glenn and Subramanian, Ramanathan and Dy, Jennifer},
  journal={Machine Learning},
  volume={95},
  number={3},
  pages={291--327},
  year={2014},
  publisher={Springer}
}

@book{murphy2012machine,
  title={Machine Learning: A Probabilistic Perspective},
  author={Murphy, Kevin},
  year={2012},
  publisher={MIT press}
}

@phdthesis{Cachopo2007,
  title={Improving Methods for Single-label Text Categorization},
  author={Cardoso-Cachopo, Ana Margarida de Jesus},
  year={2007},
  school={Universidade Tecnica de Lisboa}
}

@unpublished{McCallumMALLET,
      author = "Andrew McCallum",
      title = "{MALLET}: A Machine Learning for Language Toolkit",
      note = "http://mallet.cs.umass.edu",
      year = 2002
}
      
@article{blei2012probabilistic,
  title={Probabilistic topic models},
  author={Blei, David M.},
  journal={Communications of the ACM},
  volume={55},
  number={4},
  pages={77--84},
  year={2012},
  publisher={ACM}
}

@inproceedings{mikolov2013distributed,
  title={Distributed representations of words and phrases and their compositionality},
  author={Mikolov, Tomas and Sutskever, Ilya and Chen, Kai and Corrado, Greg S. and Dean, Jeff},
  booktitle={Advances in Neural Information Processing Systems (NIPS)},
  year={2013}
}

@article{passonneau2013benefits,
  title={The benefits of a model of annotation},
  author={Passonneau, Rebecca J. and Carpenter, Bob},
  journal={Transactions of the Association for Computational Linguistics},
  volume={2},
  pages={311--326},
  year={2014}
}

@inproceedings{felt2015early,
  title={Early Gains Matter: A Case for Preferring Generative over Discriminative Crowdsourcing Models},
  author={Felt, Paul and Ringger, Eric K. and Seppi, Kevin and Haertel, Robbie A.},
  booktitle={Proc. Conference of the North American Chapter of the Association for Computational Linguistics: Human Language Technologies (NAACL-HLT)},
  year={2015}
}

@inproceedings{zhou2014aggregating,
  title={Aggregating ordinal labels from crowds by minimax conditional entropy},
  author={Zhou, Dengyong and Liu, Qiang and Platt, John and Meek, Christopher},
  booktitle={Proc. International Conference on Machine Learning (ICML)},
  year={2014}
}

@inproceedings{zhang14spectral,
    title = {Spectral Methods meet {EM}: A Provably Optimal Algorithm for Crowdsourcing},
    author={Zhang, Yuchen and Chen, Xi and Zhou, Dengyong and Jordan, Michael I.},
    booktitle = {Proc. Advances in Neural Information Processing Systems (NIPS)},
    year = {2014}
}

@article{karger2013efficient,
  title={Efficient crowdsourcing for multi-class labeling},
  author={Karger, David R. and Oh, Sewoong and Shah, Devavrat},
  journal={ACM SIGMETRICS Performance Evaluation Review},
  volume={41},
  number={1},
  pages={81--92},
  year={2013}
}

@inproceedings{ghosh2011moderates,
  title={Who moderates the moderators?: crowdsourcing abuse detection in user-generated content},
  author={Ghosh, Arpita and Kale, Satyen and McAfee, Preston},
  booktitle={Proc. ACM Conference on Electronic Commerce (EC)},
  year={2011}
}

@inproceedings{dalvi2013aggregating,
  title={Aggregating crowdsourced binary ratings},
  author={Dalvi, Nilesh and Dasgupta, Anirban and Kumar, Ravi and Rastogi, Vibhor},
  booktitle={Proc. International Conference on World Wide Web (WWW)},
  year={2013}
}

@inproceedings{jin2002learning,
  title={Learning with multiple labels},
  author={Jin, Rong and Ghahramani, Zoubin},
  booktitle={Proc. Advances in Neural Information Processing Systems (NIPS)},
  year={2002}
}

@inproceedings{asuncion2009smoothing,
  title={On smoothing and inference for topic models},
  author={Asuncion, Arthur and Welling, Max and Smyth, Padhraic and Teh, Yee Whye},
  booktitle={Proc. Conference on Uncertainty in Artificial Intelligence (UAI)},
  year={2009}
}

@techreport{minka2000estimating,
  title={Estimating a {D}irichlet Distribution},
  author={Minka, Thomas},
  year={2000},
  institution={MIT}
}

@article{blei2003latent,
  title={Latent {D}irichlet allocation},
  author={Blei, David M. and Ng, Andrew Y. and Jordan, Michael I.},
  journal={The Journal of Machine Learning Research},
  volume={3},
  pages={993--1022},
  year={2003}
}

@inproceedings{mcauliffe2007supervised,
  title={Supervised Topic Models},
  author={Mcauliffe, Jon D. and Blei, David},
  booktitle={Proc. Advances in Neural Information Processing Systems (NIPS)},
  year={2007}
}

@incollection{simpson2013dynamic,
  title={Dynamic {B}ayesian combination of multiple imperfect classifiers},
  author={Simpson, Edwin and Roberts, Stephen and Psorakis, Ioannis and Smith, Arfon},
  booktitle={Decision Making and Imperfection},
  pages={1--35},
  year={2013},
  publisher={Springer}
}

@article{levenberg2014predicting,
  title={Predicting Economic Indicators from Web Text Using Sentiment Composition},
  author={Levenberg, Abby and Pulman, Stephen and Moilanen, Karo and Simpson, Edwin and Roberts, Stephen},
  journal={International Journal of Computer and Communication Engineering},
  volume={3},
  number={2},
  pages={109--115},
  year={2014}
}


@incollection{simpson2015bayesian,
  title={Bayesian Methods for Intelligent Task Assignment in Crowdsourcing Systems},
  author={Simpson, Edwin and Roberts, Stephen},
  booktitle={Decision Making: Uncertainty, Imperfection, Deliberation and Scalability},
  pages={1--32},
  year={2015},
  publisher={Springer}
}

@inproceedings{lin2014re,
  title={To Re (label), or Not To Re (label)},
  author={Lin, Christopher H. and Mausam and Weld, Daniel S.},
  booktitle={Proc. Conference on Human Computation and Crowdsourcing (HCOMP)},
  year={2014}
}

@article{besag1986statistical,
  title={On the statistical analysis of dirty pictures},
  author={Besag, Julian},
  journal={Journal of the Royal Statistical Society},
  pages={259--302},
  year={1986},
  publisher={JSTOR}
}

@article{hovy2010towards,
  title={Towards a `Science' of Corpus Annotation: a New Methodological Challenge for Corpus Linguistics},
  author={Hovy, Eduard and Lavid, Julia},
  journal={International Journal of Translation},
  volume={22},
  number={1},
  pages={13--36},
  year={2010}
}

@article{kroch1989reflexes,
  title={Reflexes of Grammar in Patterns of Language Change},
  author={Kroch, Anthony S.},
  journal={Language Variation and Change},
  volume={1},
  number={03},
  pages={199--244},
  year={1989},
  publisher={Cambridge Univ. Press}
}

@article{nesselhauf2004learner,
  title={Learner Corpora and their Potential for Language Teaching},
  author={Nesselhauf, Nadja},
  journal={How to Use Corpora in Language Teaching},
  volume={12},
  year={2004},
  pages={125-152}
}

@book{gippert2006essentials,
  title={Essentials of Language Documentation},
  author={Gippert, Jost and Himmelmann, Nikolaus P. and Mosel, Ulrike},
  volume={178},
  year={2006},
  publisher={Walter de Gruyter}
}

@inproceedings{bird2003seven,
  title={Seven Dimensions of Portability for Language Documentation and Description},
  author={Bird, Steven and Simons, Gary},
  booktitle={Proc. International Conference on Language Resources and Evaluation (LREC)},
  year={2002}
}

@book{grenoble1998endangered,
  title={Endangered Languages: Language Loss and Community Response},
  author={Grenoble, Lenore A. and Whaley, Lindsay J.},
  year={1998},
  publisher={Cambridge University Press}
}

@book{crystal2002language,
  title={Language Death},
  author={Crystal, David},
  year={2002},
  publisher={Cambridge University Press}
}

@book{ldctreebank2,
  title={Treebank-2 LDC95T7},
  author={Marcus, Mitchell and Santorini, Beatrice and Marcinkiewicz, Mary Ann},
  year={1995},
  publisher={Linguistic Data Consortium},
  location={Web Download. Philadelphia}
}
#Marcus, Mitchell, Beatrice Santorini, and Mary Ann Marcinkiewicz. Treebank-2 LDC95T7. Web Download. Philadelphia: Linguistic Data Consortium, 1995.

@misc{grsampson12scheme,
  author={Sampson, Geoffrey},
  title = {The {SUSANNE} Analytic Scheme},
  howpublished = {\url{http://www.grsampson.net/RSue.html}},
  note = {Accessed: 10/3/2012},
  year={2008}
}

@inproceedings{ganchev2007semi,
  title={Semi-automated Named Entity Annotation},
  author={Ganchev, Kuzman and Pereira, Fernando and Mandel, Mark and Carroll, Steven and White, Peter},
  booktitle={Proc. ACL Linguistic Annotation Workshop (LAW)},
  year={2007},
}

@inproceedings{culotta2005reducing,
  title={Reducing Labeling Effort for Structured Prediction Tasks},
  author={Culotta, Aron and McCallum, Andrew},
  booktitle={Proc. Conference on Artificial Intelligence (AAAI)},
  year={2005}}

@article{collobert2011natural,
  title={Natural language processing (almost) from scratch},
  author={Collobert, Ronan and Weston, Jason and Bottou, L{\'e}on and Karlen, Michael and Kavukcuoglu, Koray and Kuksa, Pavel},
  journal={The Journal of Machine Learning Research},
  volume={12},
  pages={2493--2537},
  year={2011}
}

@inproceedings{chiou2001facilitating,
  title={Facilitating Treebank Annotation Using a Statistical Parser},
  author={Chiou, Fu-Dong and Chiang, David and Palmer, Martha},
  booktitle={Proc. International Conference on Human Language Technology Research (HLT)},
  year={2001}
}

@inproceedings{ganchev2007semi,
  title={Semi-automated Named Entity Annotation},
  author={Ganchev, Kuzman and Pereira, Fernando and Mandel, Mark and Carroll, Steven and White, Peter},
  booktitle={Proc. ACL Linguistic Annotation Workshop (LAW)},
  year={2007}
}

@book{roth2004linear,
  title={A Linear Programming Formulation for Global Inference in Natural Language Tasks},
  author={Roth, Dan and Yih, Wen-tau},
  year={2004},
  publisher={Defense Technical Information Center}
}

@inproceedings{daume2007frustratingly,
  title={Frustratingly Easy Domain Adaptation},
  author={Daum{\'e} III, Hal},
  booktitle={Proc. Annual Meeting of the Association for Computational Linguistics (ACL)},
  year={2007}
}

@techreport{francis79browncorpus,
  author = {Francis, W. Nelson and Kucera, Henry},
  institution = {Brown University},
  title = {{Brown Corpus Manual}},
  year = 1979
}
# url = {http://icame.uib.no/brown/bcm.html},

@techreport{santorini90ptbmanual,
  author = {Santorini, Beatrice},
  institution = {University of Pennsylvania},
  title = {Part-of-Speech Tagging Guidelines for the {P}enn {T}reebank {P}roject (3rd Revision)},
  year = 1990
}
#url = {http://repository.upenn.edu/cgi/viewcontent.cgi?article=1603\&context=cis_reports},

@inproceedings{toutanova2003feature,
  title={Feature-Rich Part-of-Speech Tagging with a Cyclic Dependency Network},
  author={Toutanova, Kristina and Klein, Dan and Manning, Christopher D. and Singer, Yoram},
  booktitle={Proc. Conference of the North American Chapter of the Association for Computational Linguistics: Human Language Technologies (NAACL-HLT)},
  year={2003}
}

@article{caruana1997multitask,
  title={Multitask Learning},
  author={Caruana, Rich},
  journal={Machine Learning},
  volume={28},
  number={1},
  pages={41--75},
  year={1997},
  publisher={Springer}
}

@article{pan2010survey,
  title={A Survey on Transfer Learning},
  author={Pan, Sinno J. and Yang, Qiang},
  journal={Knowledge and Data Engineering},
  volume={22},
  number={10},
  pages={1345--1359},
  year={2010}
}

@article{wolpert1992stacked,
  title={Stacked Generalization},
  author={Wolpert, David H.},
  journal={Neural Networks},
  volume={5},
  number={2},
  pages={241--259},
  year={1992},
  publisher={Elsevier}
}

@inproceedings{church1988stochastic,
  title={A Stochastic Parts Program and Noun Phrase Parser for Unrestricted Text},
  author={Church, Kenneth W.},
  booktitle={Proc. Conference on Applied Natural Language Processing (ANLC)},
  year={1988}
}

@article{settles2010active,
  title={Active Learning Literature Survey},
  author={Settles, Burr},
  journal={University of Wisconsin, Madison},
  year={2010}
}

@inproceedings{druck2009active,
  title={Active Learning by Labeling Features},
  author={Druck, Gregory and Settles, Burr and McCallum, Andrew},
  booktitle={Proc. Conference on Empirical Methods in Natural Language Processing (EMNLP)},
  year={2009}
}

@article{felt2014facilitating,
  title={Evaluating machine-assisted annotation in under-resourced settings},
  author={Felt, Paul and Ringger, Eric K. and Seppi, Kevin and Heal, Kristian S. and Haertel, Robbie A. and Lonsdale, Deryle},
  journal={Language Resources and Evaluation},
  volume={48},
  number={4},
  pages={561--599},
  year={2014}
}

@article{ganchev2010posterior,
  title={Posterior Regularization for Structured Latent Variable Models},
  author={Ganchev, Kuzman and Gra{\c{c}}a, Jo\~ao and Gillenwater, Jennifer and Taskar, Ben},
  journal={The Journal of Machine Learning Research},
  volume={11},
  pages={2001--2049},
  year={2010}
}

@inproceedings{felt2012first,
  title={First Results in a Study Evaluating Pre-labeling and Correction Propagation for Machine-Assisted {S}yriac Morphological Analysis},
  author={Felt, Paul and Ringger, Eric K. and Seppi, Kevin and Heal, Kristian and Haertel, Robbie and Lonsdale, Deryle},
  booktitle={Proc. International Conference on Language Resources and Evaluation (LREC)},
  year={2012}
}

@inproceedings{weld2011human,
  title={Human Intelligence Needs Artificial Intelligence},
  author={Weld, Daniel S. and Dai, Mausam Peng},
  booktitle={Proc. Workshops at the Conference on Artificial Intelligence (AAAI)},
  year={2011}
}

@book{burkard2009assignment,
  title={Assignment Problems, Revised Reprint},
  author={Burkard, Rainer E and Dell'Amico, Mauro and Martello, Silvano},
  year={2009},
  publisher={Siam}
}

@book{krippendorff2012content,
  title={Content Analysis: An Introduction to its Methodology},
  author={Krippendorff, Klaus},
  year={2012},
  publisher={Sage}
}

@book{manning1999foundations,
  title={Foundations of Statistical Natural Language Processing},
  author={Manning, Christopher D. and Sch{\"u}tze, Hinrich},
  year={1999},
  publisher={MIT press}
}

@article{cao2010bayesian,
  title={A {B}ayesian Approach to Ranking and Rater Evaluation An Application to Grant Reviews},
  author={Cao, Jing and Stokes, S Lynne and Zhang, Song},
  journal={Journal of Educational and Behavioral Statistics},
  volume={35},
  number={2},
  pages={194--214},
  year={2010},
  publisher={SAGE Publications}
}

@inproceedings{pennington2014glove,
  title={Glove: Global vectors for word representation},
  author={Pennington, Jeffrey and Socher, Richard and Manning, Christopher D.},
  booktitle={Proc. Empiricial Methods in Natural Language Processing (EMNLP 2014)},
  year={2014}
}

@inproceedings{mikolov2013efficient,
  title={Efficient estimation of word representations in vector space},
  author={Mikolov, Tomas and Chen, Kai and Corrado, Greg and Dean, Jeffrey},
  booktitle={Proc. Workshops at International Conference on Learning Representations (ICLR)},
  year={2013}
}

@inproceedings{turian2010word,
  title={Word representations: a simple and general method for semi-supervised learning},
  author={Turian, Joseph and Ratinov, Lev and Bengio, Yoshua},
  booktitle={Proc. Annual Meeting of the Association for Computational Linguistics (ACL)},
  year={2010}
}

@inproceedings{nguyen2014employing,
  title={Employing word representations and regularization for domain adaptation of relation extraction},
  author={Nguyen, Thien Huu and Grishman, Ralph},
  booktitle={Proc. Annual Meeting of the Association for Computational Linguistics (ACL)},
  year={2014}
}

@InProceedings{lin2015unsupervised,
  author    = {Lin, Chu-Cheng  and  Ammar, Waleed  and  Dyer, Chris  and  Levin, Lori},
  title     = {Unsupervised {POS} Induction with Word Embeddings},
  booktitle = {Proc. Conference of the North American Chapter of the Association for Computational Linguistics: Human Language Technologies (NAACL-HLT)},
  year      = {2015}
}

@inproceedings{rehurek_lrec,
    title = {Software Framework for Topic Modelling with Large Corpora},
    author = {Radim {\v R}eh{\r u}{\v r}ek and Petr Sojka},
    booktitle = {{Proc. LREC Workshop on New Challenges for NLP Frameworks}},
    year = 2010
}

@article{xu2014extracting,
  title={Extracting lexically divergent paraphrases from {T}witter},
  author={Xu, Wei and Ritter, Alan and Callison-Burch, Chris and Dolan, William B. and Ji, Yangfeng},
  journal={Transactions of the Association for Computational Linguistics},
  volume={2},
  pages={435--448},
  year={2014}
}

@InProceedings{kruszewskibaroni2015,
  author    = {Kruszewski, Germ\'{a}n  and  Baroni, Marco},
  title     = {So similar and yet incompatible: Toward the automated identification of semantically compatible words},
  booktitle = {Proc. Conference of the North American Chapter of the Association for Computational Linguistics: Human Language Technologies (NAACL-HLT)},
  year      = {2015},
}

@InProceedings{mozafari2014scaling,
  title={Scaling up crowd-sourcing to very large datasets: a case for active learning},
  author={Mozafari, Barzan and Sarkar, Purna and Franklin, Michael and Jordan, Michael and Madden, Samuel},
  booktitle={Proc. Very Large Databases (VLDB) Conference},
  year={2014}
}

@article{mitchell2010composition,
  title={Composition in distributional models of semantics},
  author={Mitchell, Jeff and Lapata, Mirella},
  journal={Cognitive Science},
  volume={34},
  number={8},
  pages={1388--1429},
  year={2010}
}

@inproceedings{socher2012semantic,
  title={Semantic compositionality through recursive matrix-vector spaces},
  author={Socher, Richard and Huval, Brody and Manning, Christopher D. and Ng, Andrew Y.},
  booktitle={Proc. Conference on Empirical Methods in Natural Language Processing (EMNLP)},
  year={2012}
}

@article{kilgarriff1998gold,
  title={Gold standard datasets for evaluating word sense disambiguation programs},
  author={Kilgarriff, Adam},
  journal={Computer Speech \& Language},
  volume={12},
  number={4},
  pages={453--472},
  year={1998},
  publisher={Elsevier}
}

@inproceedings{neelakantan2014efficient,
  title={Efficient non-parametric estimation of multiple embeddings per word in vector space},
  author={Neelakantan, Arvind and Shankar, Jeevan and Passos, Alexandre and McCallum, Andrew},
  booktitle={Proc. Conference on Empirical Methods in Natural Language Processing (EMNLP)},
  year={2014}
}

@incollection{srikumar2014distrib,
    title = {Learning Distributed Representations for Structured Output Prediction},
    author = {Srikumar, Vivek and Manning, Christopher D.},
    booktitle = {Advances in Neural Information Processing Systems 27},
    pages = {3266--3274},
    year = {2014}
}

@inproceedings{le2014distributed,
  title={Distributed representations of sentences and documents},
  author={Le, Quoc V. and Mikolov, Tomas},
  booktitle={Proc. International Conference on Machine Learning (ICML)},
  year={2014}
}

@inproceedings{han2012automatically,
  title={Automatically constructing a normalisation dictionary for microblogs},
  author={Han, Bo and Cook, Paul and Baldwin, Timothy},
  booktitle={Proc. Conference on Empirical Methods in Natural Language Processing (EMNLP)},
  year={2012}
}

@inproceedings{felt2015cslda,
  Title = {Making the Most of Crowdsourced Document Annotations: Confused Supervised {LDA}},
  Booktitle = {Proc. Conference on Computational Natural Language Learning (CoNLL)},
  Author = {Felt, Paul and Ringger, Eric K. and Boyd-Graber, Jordan and Seppi, Kevin},
  Year = {2015}
}

@inproceedings{fyshe2015compositional,
  author    = {Fyshe, Alona  and  Wehbe, Leila  and  Talukdar, Partha P.  and  Murphy, Brian  and  Mitchell, Tom M.},
  title     = {A Compositional and Interpretable Semantic Space},
  booktitle = {Proc. Conference of the North American Chapter of the Association for Computational Linguistics: Human Language Technologies (NAACL-HLT)},
  year      = {2015}
}

@inproceedings{sheshadri2013square,
  title={Square: A benchmark for research on computing crowd consensus},
  author={Sheshadri, Aashish and Lease, Matthew},
  booktitle={Proc. Conference on Human Computation and Crowdsourcing (HCOMP)},
  year={2013}
}

@inproceedings{nguyen2015combining,
  title={Combining Crowd and Expert Labels using Decision Theoretic Active Learning},
  author={Nguyen, An T. and Wallace, Byron C. and Lease, Matthew},
  booktitle={Proc. 3rd AAAI Conference on Human Computation (HCOMP)},
  year={2015}
}

@inproceedings{yan2011active,
  title={Active learning from crowds},
  author={Yan, Yan and Fung, Glenn M. and Rosales, R{\'o}mer and Dy, Jennifer G.},
  booktitle={Proc. International Conference on Machine Learning (ICML)},
  year={2011}
}

@inproceedings{chang2008learning,
  title={Learning and Inference with Constraints.},
  author={Chang, Ming-Wei and Ratinov, Lev-Arie and Rizzolo, Nicholas and Roth, Dan},
  booktitle={Proc. Conference on Artificial Intelligence (AAAI)},
  year={2008}
}

@inproceedings{druck2008learning,
  title={Learning from labeled features using generalized expectation criteria},
  author={Druck, Gregory and Mann, Gideon and McCallum, Andrew},
  booktitle={Proc. International ACM SIGIR Conference on Research and Development in Information Retrieval},
  year={2008}
}

@article{michel2011quantitative,
  title={Quantitative analysis of culture using millions of digitized books},
  author={Michel, Jean-Baptiste and Shen, Yuan Kui and Aiden, Aviva Presser and Veres, Adrian and Gray, Matthew K and Pickett, Joseph P and Hoiberg, Dale and Clancy, Dan and Norvig, Peter and Orwant, Jon},
  journal={Science},
  volume={331},
  number={6014},
  pages={176--182},
  year={2011},
  publisher={American Association for the Advancement of Science}
}

@inproceedings{stajner2011towards,
  title={Towards a Better Exploitation of the {B}rown `Family' Corpora in Diachronic Studies of {B}ritish and {A}merican {E}nglish Language Varieties.},
  author={Stajner, Sanja},
  booktitle={Proc. Recent Advances in NLP (RANLP) Student Research Workshop},
  year={2011}
}

@inproceedings{flickinger2012deepbank,
  title={Deepbank: A dynamically annotated treebank of the {W}all {S}treet {J}ournal},
  author={Flickinger, Dan and Zhang, Yi and Kordoni, Valia},
  booktitle={Proc. International Workshop on Treebanks and Linguistic Theories (TLT)},
  year={2012}
}

@article{leacock1998using,
  title={Using corpus statistics and {W}ord{N}et relations for sense identification},
  author={Leacock, Claudia and Miller, George A and Chodorow, Martin},
  journal={Computational Linguistics},
  volume={24},
  number={1},
  pages={147--165},
  year={1998},
  publisher={MIT Press}
}

@book{sampson1995english,
  title={English for the Computer: The {SUSANNE} Corpus and Analytic Scheme},
  author={Sampson, Geoffrey},
  year={1995},
  publisher={Oxford}
}

@book{francis1982frequency,
  title={Frequency Analysis of English Usage},
  author={Francis, W. Nelson and Kucera, Henry and Mackie, Andrew W.},
  year={1982},
  publisher={Houghton Mifflin Company}
}

@article{palmer2005proposition,
  title={The proposition bank: An annotated corpus of semantic roles},
  author={Palmer, Martha and Gildea, Daniel and Kingsbury, Paul},
  journal={Computational Linguistics},
  volume={31},
  number={1},
  pages={71--106},
  year={2005},
  publisher={MIT press}
}

@book{kjellmer1994dictionary,
  title={A Dictionary of {E}nglish Collocations: Based on the Brown Corpus},
  author={Kjellmer, G{\"o}ran},
  year={1994},
  publisher={Oxford University Press, USA}
}

@article{brown1992estimate,
  title={An estimate of an upper bound for the entropy of {E}nglish},
  author={Brown, Peter F and Pietra, Vincent J Della and Mercer, Robert L and Pietra, Stephen A Della and Lai, Jennifer C},
  journal={Computational Linguistics},
  volume={18},
  number={1},
  pages={31--40},
  year={1992},
  publisher={MIT Press}
}

@inproceedings{reynar1997maximum,
  title={A maximum entropy approach to identifying sentence boundaries},
  author={Reynar, Jeffrey C. and Ratnaparkhi, Adwait},
  booktitle={Proc. Conference on Applied Natural Language Processing (ANLC)},
  year={1997}
}

@inproceedings{cieritwenty,
  title={Twenty Years of Language Resource Development and Distribution: A Progress Report on {LDC} Activities.},
  author={Cieri, Christopher and Reed, Marian and DiPersio, Denise and Liberman, Mark},
  booktitle={Proc. International Conference on Language Resources and Evaluation (LREC)},
  year={2012}
}

@article{pestian2012sentiment,
  title={Sentiment analysis of suicide notes: A shared task},
  author={Pestian, John P. and Matykiewicz, Pawel and Linn-Gust, Michelle and South, Brett and Uzuner, Ozlem and Wiebe, Jan and Cohen, K. Bretonnel and Hurdle, John and Brew, Christopher},
  journal={Biomedical Informatics Insights},
  volume={5},
  number={1},
  pages={3},
  year={2012}
}

@inproceedings{pang2002thumbs,
  title={Thumbs up?: sentiment classification using machine learning techniques},
  author={Pang, Bo and Lee, Lillian and Vaithyanathan, Shivakumar},
  booktitle={Proc. Conference on Empirical Methods in Natural Language Processing (EMNLP)},
  year={2002}
}

@inproceedings{aw2006phrase,
  title={A phrase-based statistical model for {SMS} text normalization},
  author={Aw, AiTi and Zhang, Min and Xiao, Juan and Su, Jian},
  booktitle={Proc. International Conference on Computational Linguistics (COLING)},
  year={2006}
}


@inproceedings{danescu2012,
  title={You had me at hello: How phrasing affects memorability},
  author={Danescu-Niculescu-Mizil, Cristian and Cheng, Justin and Kleinberg, Jon and Lee, Lillian},
  booktitle={Proc. Annual Meeting of the Association for Computational Linguistics (ACL)},
  year={2012}
}

@inproceedings{brill1992simple,
  title={A simple rule-based part of speech tagger},
  author={Brill, Eric},
  booktitle={Proc. ACL Workshop on Speech and Natural Language},
  year={1992}
}

@inproceedings{leech1994claws4,
  title={CLAWS4: the tagging of the British National Corpus},
  author={Leech, Geoffrey and Garside, Roger and Bryant, Michael},
  booktitle={Proc. International Conference on Computational Linguistics (COLING)},
  year={1994}
}

@misc{claws7manual,
  howpublished = {\url{http://www.natcorp.ox.ac.uk/docs/claws7.html}},
  note = {Accessed: 11/6/2012},
  year={1996},
  title = {Claws7 Manual}
}

@misc{clawshome,
  title = {Claws7 Manual},
  howpublished = {\url{http://ucrel.lancs.ac.uk/claws/}},
  note = {Accessed: 11/6/2012},
  year={2012}
}

@article{davies2009coca,
  title={The 385+ million word Corpus of Contemporary American English (1990--2008+): Design, architecture, and linguistic insights},
  author={Davies, Mark},
  journal={International Journal of Corpus Linguistics},
  volume={14},
  number={2},
  pages={159--190},
  year={2009},
  publisher={John Benjamins Publishing Company}
}

@book{davies2010coha,
  title={The Corpus of Historical American English (COHA): 400 Million Words, 1810-2009},
  author={Davies, Mark},
  year={2002}
}

@article{eugenio2004kappa,
  title={The kappa statistic: A second look},
  author={Di Eugenio, Barbara and Glass, Michael},
  journal={Computational Linguistics},
  volume={30},
  number={1},
  pages={95--101},
  year={2004},
  publisher={MIT Press}
}

@inproceedings{dai2007boosting,
  title={Boosting for transfer learning},
  author={Dai, Wenyuan and Yang, Qiang and Xue, Gui-Rong and Yu, Yong},
  booktitle={Proc. International Conference on Machine Learning (ICML)},
  year={2007}
}

@inproceedings{jiang2007instance,
  title={Instance weighting for domain adaptation in NLP},
  author={Jiang, Jing and Zhai, ChengXiang},
  booktitle={Proc. Annual Meeting of the Association for Computational Linguistics (ACL)},
  volume={7},
  year={2007}
}

@inproceedings{liao2005logistic,
  title={Logistic regression with an auxiliary data source},
  author={Liao, Xuejun and Xue, Ya and Carin, Lawrence},
  booktitle={Proc. International Conference on Machine Learning (ICML)},
  year={2005}
}

@inproceedings{gao2008knowledge,
  title={Knowledge transfer via multiple model local structure mapping},
  author={Gao, Jing and Fan, Wei and Jiang, Jing and Han, Jiawei},
  booktitle={Proc. ACM SIGKDD International Conference on Knowledge Discovery and Data Mining (KDD)},
  year={2008}
}

@book{quionero2009dataset,
  title={Dataset Shift in Machine Learning},
  author={Quionero-Candela, Joaquin and Sugiyama, Masashi and Schwaighofer, Anton and Lawrence, Neil D},
  year={2009},
  publisher={The MIT Press}
}

@inproceedings{carmen2010tag,
  title={Tag Dictionaries Accelerate Manual Annotation.},
  author={Carmen, Marc and Felt, Paul and Haertel, Robbie A. and Lonsdale, Deryle and McClanahan, Peter and Merkling, Owen and Ringger, Eric K. and Seppi, Kevin},
  booktitle={Proc. International Conference on Language Resources and Evaluation (LREC)},
  year={2010}
}

@article{moreno2012unifying,
  title={A Unifying View on Dataset Shift in Classification},
  author={Moreno-Torres, J. G. and Raeder, T. and Alaiz-Rodr{\'\i}guez, R. and Chawla, N. V. and Herrera, F.},
  journal={Pattern Recognition},
  volume={45},
  number={1},
  pages={521--530},
  year={2012},
  publisher={Elsevier}
}

@inproceedings{carreras2005introduction,
  title={Introduction to the {CoNLL}-2005 shared task: semantic role labeling},
  author={Carreras, Xavier and M{\`a}rquez, Llu{\'\i}s},
  booktitle={Proc. Conference on Computational Natural Language Learning (CoNLL)},
  year={2005}
}

@article{hajic1998building,
  title={Building a syntactically annotated corpus: The {p}rague dependency treebank},
  author={Hajic, Jan},
  journal={Issues of Valency and Meaning},
  pages={106--132},
  year={1998}
}

@inproceedings{maamouri2004penn,
  title={The {P}enn {A}rabic treebank: Building a large-scale annotated {A}rabic corpus},
  author={Maamouri, Mohamed and Bies, Ann and Buckwalter, Tim and Mekki, Wigdan},
  booktitle={Proc. Conference on Arabic Language Resources and Tools (NEMLAR)},
  year={2004}
}

@inproceedings{szarvas2008bioscope,
  title={The {B}ioScope corpus: annotation for negation, uncertainty and their scope in biomedical texts},
  author={Szarvas, Gy{\"o}rgy and Vincze, Veronika and Farkas, Rich{\'a}rd and Csirik, J{\'a}nos},
  booktitle={Proc. ACL Workshop on Current Trends in Biomedical Natural Language Processing},
  year={2008}
}

@inproceedings{beisswanger2008gene,
  title={Gene Regulation Ontology ({GRO}): design principles and use cases},
  author={Beisswanger, Elena and Lee, Vivian and Kim, Jung-Jae and Rebholz-Schuhmann, Dietrich and Splendiani, Andrea and Dameron, Olivier and Schulz, Stefan and Hahn, Udo},
  booktitle={Proc. Medical Informatics Europe Conference (MIE)},
  year={2008}
}

@inproceedings{tjong2003introduction,
  title={Introduction to the {CoNLL}-2003 Shared Task: Language-independent Named Entity Recognition},
  author={Tjong Kim Sang, E. and De Meulder, F.},
  booktitle={Proc. Conference of the North American Chapter of the Association for Computational Linguistics: Human Language Technologies (NAACL-HLT)},
  year={2003}
}


@phdthesis{haertel2013,
  title={Practical Cost-Conscious Active Learning for Data Annotation in Annotator-Initiated Environments},
  author={Haertel, R. A.},
  year={2013},
  school={Brigham Young University}
}

@misc{elra2012,
  key = {ELRA},
  title = {European Language Resources Association},
  howpublished = {\url{http://www.elra.info}},
  year={2008}
}

@article{leech1993corpus,
  title={Corpus annotation schemes},
  author={Leech, Geoffrey},
  journal={Literary and Linguistic Computing},
  volume={8},
  number={4},
  pages={275--281},
  year={1993},
  publisher={ALLC}
}

@book{mitkov2002anaphora,
  title={Anaphora Resolution},
  author={Mitkov, Ruslan},
  year={2014},
  publisher={Routledge}
}
