
@article{schmidt-aaai19,
  title={Quantifying Interpretability and Trust in Machine Learning Systems},
  author={Schmidt, Philipp and Biessmann, Felix},
  journal={AAAI Workshop on Network Interpretability for Deep Learning},
  year={2019}
}


@inproceedings{caruana-kdd15,
  title={Intelligible models for healthcare: Predicting pneumonia risk and hospital 30-day readmission},
  author={Caruana, R. and Lou, Y. and Gehrke, J. and Koch, P. and Sturm, M. and Elhadad, N.},
  booktitle=kdd,
  year={2015},
}
@inproceedings{lakkaraju2019faithful,
  title={Faithful and customizable explanations of black box models},
  author={Lakkaraju, Himabindu and Kamar, Ece and Caruana, Rich and Leskovec, Jure},
  booktitle={Proceedings of the 2019 AAAI/ACM Conference on AI, Ethics, and Society},
  pages={131--138},
  year={2019},
  organization={ACM}
}

@inproceedings{yin2019understanding,
  title={Understanding the Effect of Accuracy on Trust in Machine Learning Models},
  author={Yin, Ming and Wortman Vaughan, Jennifer and Wallach, Hanna},
  booktitle={Proceedings of the 2019 CHI Conference on Human Factors in Computing Systems},
  pages={279},
  year={2019},
  organization={ACM}
}