@inproceedings{Smith2017,
    title = {{A User-Centered Design Approach for Interactive Topic Modeling}},
    year = {2017},
    booktitle = {Preparation},
    author = {Smith, Alison and Boyd-Graber, Jordan and Findlater, Leah}
}

@article{Smith2016,
    title = {{Human-Centered and Interactive : Expanding the Impact of Topic Models}},
    year = {2016},
    journal = {ACM SIGCHI Workshop on Human-Centered Machine Learning},
    author = {Smith, Alison and Yeon Lee, Tak and Poursabzi-Sangdeh, Forough and Boyd-Graber, Jordan and Elmqvist, Niklas and Seppi, Kevin and Findlater, Leah},
    url = {http://hcml2016.goldsmithsdigital.com/program/}
}

@incollection{smith2015visual,
    title = {{Visual analysis of topical evolution in unstructured text: Design and evaluation of TopicFlow}},
    year = {2015},
    booktitle = {Applications of Social Media and Social Network Analysis},
    author = {Smith, Alison and Malik, Sana and Shneiderman, Ben},
    pages = {159--175},
    publisher = {Springer}
}

@article{Hotho2005AMining,
    title = {{A brief survey of text mining}},
    year = {2005},
    journal = {LDV Forum - GLDV Journal for Computational Linguistics and Language Technology},
    author = {Hotho, Andreas and N{\"{u}}rnberger, Andreas and Paa{\ss}, Gerhard},
    pages = {19--62},
    volume = {20}
}

@article{Titov2008ASummarization,
    title = {{A joint model of text and aspect ratings for sentiment summarization}},
    year = {2008},
    journal = {ACL},
    author = {Titov, Ivan and McDonald, Ryan},
    pages = {308--316},
    volume = {8}
}

@inproceedings{Fiebrink2009ALearning,
    title = {{A metainstrument for interactive, on-the-fly machine learning}},
    year = {2009},
    booktitle = {Proceedings of New Interfaces for Musical Expression (NIME)},
    author = {Fiebrink, Rebecca and Trueman, Dan and Cook, Perry R},
    pages = {3},
    volume = {2}
}

@article{Sauro2005AScore,
    title = {{A method to standardize usability metrics into a single score}},
    year = {2005},
    journal = {Proceedings of the SIGCHI conference on Human factors in computing systems (CHI '05)},
    author = {Sauro, Jeff and Kindlund, Erika},
    pages = {401–409},
    url = {http://portal.acm.org/citation.cfm?id=1054972.1055028},
    isbn = {1581139985},
    doi = {10.1145/1054972.1055028},
    issn = {02749696},
    keywords = {measurement, principal components analysis, six sigma, standardization, usability}
}

@article{Basu2004AClustering,
    title = {{A Probabilistic Framework for Semi-Supervised Clustering}},
    year = {2004},
    journal = {Proceedings ot the 10th ACM SIGKDD International Conference on Knowledge Discovery and Data Mining},
    author = {Basu, Sugato and Bilenko, Mikhail and Mooney, Raymond},
    number = {August},
    pages = {59--68},
    volume = {August},
    isbn = {1581138889},
    doi = {10.1145/1014052.1014062}
}

@incollection{Aggarwal2012AAlgorithms,
    title = {{A Survey of Text Clustering Algorithms}},
    year = {2012},
    booktitle = {Mining Text Data},
    author = {Aggarwal, Charu C. and Zhai, ChengXiang},
    editor = {Aggarwal, Charu C. and Zhai, ChengXiang},
    pages = {77--128},
    publisher = {Springer US},
    isbn = {978-1-4614-3222-7},
    language = {en}
}

@article{Fu2013ALearning,
    title = {{A survey on instance selection for active learning}},
    year = {2013},
    journal = {Knowledge and Information Systems},
    author = {Fu, Yifan and Zhu, Xingquan and Li, Bin},
    number = {2},
    pages = {249--283},
    volume = {35},
    isbn = {0219-1377},
    doi = {10.1007/s10115-012-0507-8},
    issn = {02191377},
    keywords = {Active learning survey, Instance correlations, Instance selection, Uncertainty sampling}
}

@article{Settles2010ActiveSurvey,
    title = {{Active Learning Literature Survey}},
    year = {2010},
    journal = {Machine Learning},
    author = {Settles, Burr},
    number = {2},
    pages = {201--221},
    volume = {15},
    isbn = {978-1-4673-8391-2},
    doi = {10.1.1.167.4245},
    issn = {00483931},
    pmid = {15003161},
    arxivId = {1206.5533}
}

@inproceedings{Nguyen2013Argviz:Conversations,
    title = {{Argviz: Interactive Visualization of Topic Dynamics in Multi-party Conversations}},
    year = {2013},
    booktitle = {Proceedings of the 2013 NAACL HLT Demonstration Session},
    author = {Nguyen, Viet-An and Hu, Yuening and Boyd-Graber, Jordan and Resnik, Philip},
    number = {June},
    pages = {36--39},
    url = {http://www.aclweb.org/anthology/N13-3009}
}

@inproceedings{Alexander2016AssessingGist-Forming,
    title = {{Assessing Topic Representations for Gist-Forming}},
    year = {2016},
    booktitle = {Proceedings of the International Working Conference on Advanced Visual Interfaces},
    author = {Alexander, Eric and Gleicher, Michael},
    pages = {100--107},
    url = {http://dl.acm.org/citation.cfm?doid=2909132.2909252%5CnAlexander, E., & Gleicher, M. (2016). Assessing Topic Representations for Gist-Forming. In Proceedings of the International Working Conference on Advanced Visual Interfaces - AVI ?16 (pp. 100?107). Ne},
    isbn = {9781450341318},
    doi = {10.1145/2909132.2909252},
    keywords = {topic model visualization, word clouds}
}

@inproceedings{Basu2010AssistingClassification,
    title = {{Assisting Users with Clustering Tasks by Combining Metric Learning and Classification}},
    year = {2010},
    booktitle = {Proceedings of the Twenty-Fourth Conference on Artificial Intelligence (AAAI 2010)},
    author = {Basu, Sumit and Fisher, Danyel and Drucker, Steven M. and Lu, Hao},
    month = {7},
    publisher = {American Association for Artificial Intelligence}
}

@inproceedings{Newman2010AutomaticCoherence,
    title = {{Automatic Evaluation of Topic Coherence}},
    year = {2010},
    booktitle = {Human Language Technologies: The 2010 Annual Conference of the North American Chapter of the Association for Computational Linguistics},
    author = {Newman, David and Lau, Jh and Grieser, Karl and Baldwin, Timothy},
    number = {June},
    pages = {100--108},
    url = {http://dl.acm.org/citation.cfm?id=1858011},
    isbn = {1932432655}
}

@article{Mao2012AutomaticTopics,
    title = {{Automatic labeling hierarchical topics}},
    year = {2012},
    journal = {Proceedings of the 21st ACM international conference on Information and knowledge management - CIKM '12},
    author = {Mao, Xian-Ling and Ming, Zhao-Yan and Zha, Zheng-Jun and Chua, Tat-Seng and Yan, Hongfei and Li, Xiaoming},
    pages = {2383},
    url = {http://dl.acm.org/citation.cfm?doid=2396761.2398646},
    isbn = {9781450311564},
    doi = {10.1145/2396761.2398646},
    keywords = {statistical topic models, topic model labeling}
}

@article{Lau2011AutomaticModels,
    title = {{Automatic Labelling of Topic Models}},
    year = {2011},
    journal = {Proceedings of the 49th Annual Meeting of the Association for Computational Linguistics},
    author = {Lau, Jey Han and Grieser, Karl and Newman, David and Baldwin, Timothy},
    pages = {1536--1545},
    isbn = {978-1-932432-87-9}
}

@inproceedings{Kou2015AutomaticVectors,
    title = {{Automatic labelling of topic models using word vectors and letter trigram vectors}},
    year = {2015},
    booktitle = {Lecture Notes in Computer Science (including subseries Lecture Notes in Artificial Intelligence and Lecture Notes in Bioinformatics)},
    author = {Kou, Wanqiu and Li, Fang and Baldwin, Timothy},
    volume = {9460},
    isbn = {9783319289397},
    doi = {10.1007/978-3-319-28940-3{\_}20},
    issn = {16113349}
}

@article{Boyd-graber2014CareImprovementes,
    title = {{Care and Feeding of Topic Models: Problems, Diagnostics, and Improvementes}},
    year = {2014},
    journal = {Handbook of Mixed Membership Models and Its Applications},
    author = {Boyd-graber, Jordan and Mimno, David and Newman, David},
    pages = {225 - 254}
}

@inproceedings{Pingclasai2013ClassifyingModeling,
    title = {{Classifying Bug Reports to Bugs and other Requests using Topic Modeling}},
    year = {2013},
    booktitle = {Proceedings of the Asia-Pacific Software Engineering Conference},
    author = {Pingclasai, Natthakul and Hata, Hideaki and Matsumoto, Ken Ichi},
    pages = {13--18},
    volume = {2},
    isbn = {9781479921430},
    doi = {10.1109/APSEC.2013.105},
    issn = {15301362},
    keywords = {Bug classification, Bug reports, Topic modeling}
}

@inproceedings{Sarioglu2012ClinicalModeling,
    title = {{Clinical Report Classification Using Natural Language Processing and Topic Modeling}},
    year = {2012},
    booktitle = {Proceedings of the 11th International Conference on Machine Learning and Applications},
    author = {Sarioglu, Efsun and Choi, Hyeong-Ah and Yadav, Kabir},
    pages = {204--209},
    url = {http://ieeexplore.ieee.org/lpdocs/epic03/wrapper.htm?arnumber=6406751},
    isbn = {978-1-4673-4651-1},
    doi = {10.1109/ICMLA.2012.173}
}

@article{Hearst2006ClusteringExploration,
    title = {{Clustering Versus Faceted Categories for Information Exploration}},
    year = {2006},
    journal = {Commun. ACM},
    author = {Hearst, Marti A.},
    number = {4},
    month = {4},
    pages = {59–61},
    volume = {49},
    doi = {10.1145/1121949.1121983},
    issn = {0001-0782}
}

@article{Woodruff2014ComputationalAds,
    title = {{Computational Advertising: Techniques for Targeting Relevant Ads}},
    year = {2014},
    journal = {Foundations and Trends{\textregistered} in Theoretical Computer Science},
    author = {Woodruff, David P.},
    number = {1-2},
    pages = {1--157},
    volume = {10},
    url = {http://www.nowpublishers.com/articles/foundations-and-trends-in-theoretical-computer-science/TCS-060},
    isbn = {9781601988331},
    doi = {10.1561/0400000060},
    issn = {1551-305X},
    arxivId = {1411.4357}
}

@article{Smith2014ConcurrentModels,
    title = {{Concurrent Visualization of Relationships between Words and Topics in Topic Models}},
    year = {2014},
    journal = {Proceedings of the Workshop on Interactive Language Learning, Visualization, and Interfaces},
    author = {Smith, Alison and Chuang, Jason and Hu, Yuening and Boyd-Graber, Jordan and Findlater, Leah},
    pages = {79--82},
    url = {http://aclanthology.info/papers/concurrent-visualization-of-relationships-between-words-and-topics-in-topic-models%5Cnhttp://www.aclweb.org/anthology/W14-3112}
}

@article{Pazzani2007Content-BasedSystems,
    title = {{Content-Based Recommendation Systems}},
    year = {2007},
    journal = {The Adaptive Web},
    author = {Pazzani, Michael J. and Billsus, Daniel},
    pages = {325--341},
    volume = {4321},
    url = {http://link.springer.com/10.1007/978-3-540-72079-9},
    isbn = {978-3-540-72078-2},
    doi = {10.1007/978-3-540-72079-9},
    issn = {01635840},
    pmid = {18568017},
    arxivId = {9780201398298}
}

@inproceedings{Hoque2015ConVisIT:Conversations,
    title = {{ConVisIT: Interactive Topic Modeling for Exploring Asynchronous Online Conversations}},
    year = {2015},
    booktitle = {Proceedings of the International Conference on Intelligent User Interfaces},
    author = {Hoque, Enamul and Carenini, Giuseppe},
    pages = {169--180},
    publisher = {ACM},
    address = {New York},
    isbn = {978-1-4503-3306-1},
    doi = {10.1145/2678025.2701370}
}

@article{Talley2011DatabaseClustering,
    title = {{Database of NIH grants using machine-learned categories and graphical clustering}},
    year = {2011},
    journal = {Nature Methods},
    author = {Talley, Edmund M. and Newman, David and Mimno, David and Ii, Bruce W. Herr and Wallach, Hanna M. and Burns, Gully A. P. C. and Leenders, A. G. Miriam and McCallum, Andrew},
    number = {6},
    month = {6},
    pages = {443--444},
    volume = {8},
    doi = {10.1038/nmeth.1619},
    issn = {1548-7091},
    language = {en}
}

@article{David2015DealingFormats,
    title = {{Dealing with extreme data diversity: extraction and fusion from the growing types of document formats}},
    year = {2015},
    journal = {SPIE Conference on Next-Generation Analyst III},
    author = {David, Peter and Hansen, Nichole and Alcocer, Pedro}
}

@book{Hoekman2007DesigningDesign,
    title = {{Designing the Obvious: A Common Sense Approach to Web Application Design}},
    year = {2007},
    booktitle = {Choice Current Reviews for Academic Libraries},
    author = {Hoekman, Robert},
    pages = {255},
    volume = {48},
    url = {http://www.worldcat.org/isbn/032145345X},
    isbn = {032145345X},
    issn = {00094978}
}

@book{Shneiderman2009DesigningInteraction,
    title = {{Designing the User Interface: Strategies for Effective Human-Computer Interaction}},
    year = {2009},
    booktitle = {International Journal of Human-Computer Interaction},
    author = {Shneiderman, Ben and Plaisant, Catherine and Cohen, Maxine and Jacobs, Steven},
    number = {7},
    pages = {624},
    volume = {25},
    isbn = {9780321537355},
    issn = {1044-7318}
}

@article{McFarland2013DifferentiatingModels,
    title = {{Differentiating language usage through topic models}},
    year = {2013},
    journal = {Poetics},
    author = {McFarland, Daniel A. and Ramage, Daniel and Chuang, Jason and Heer, Jeffrey and Manning, Christopher D. and Jurafsky, Daniel},
    number = {6},
    month = {12},
    pages = {607--625},
    series = {Topic Models and the Cultural Sciences},
    volume = {41},
    doi = {10.1016/j.poetic.2013.06.004},
    issn = {0304-422X}
}

@article{Xing2002DistanceSide-Information,
    title = {{Distance Metric Learning , with Application to Clustering with Side-Information}},
    year = {2002},
    journal = {Advances in Neural Information Processing Systems},
    author = {Xing, Eric P. and Ng, Andrew Y. and Jordan, Michael I. and Russell, Stuart},
    pages = {505--512},
    volume = {15},
    url = {http://books.nips.cc/papers/files/nips15/AA03.pdf%5Cnhttp://citeseerx.ist.psu.edu/viewdoc/summary?doi=10.1.1.58.3667},
    isbn = {0-262-02550-7},
    doi = {10.1.1.58.3667},
    issn = {10495258},
    pmid = {19276889},
    keywords = {clustering}
}

@inproceedings{Chuang2013DocumentWorkflows,
    title = {{Document Exploration with Topic Modeling: Designing Interactive Visualizations to Support Effective Analysis Workflows}},
    year = {2013},
    booktitle = {Conference on Neural Information Processing Systems (NIPS) Workshop on Topic Models: Computation, Application, and Evaluation},
    author = {Chuang, Jason and Hu, Yuening and Jin, Ashley and Wilkerson, John D. and McFarland, Daniel A. and Manning, Christopher D. and Heer, Jeffrey},
    pages = {1--4}
}

@article{Chuang2013DocumentWorkflowsb,
    title = {{Document exploration with topic modeling: Designing interactive visualizations to support effective analysis workflows}},
    year = {2013},
    journal = {NIPS Workshop on  {\ldots}},
    author = {Chuang, J and Hu, Y and Jin, A},
    pages = {1--4},
    url = {http://dosen.narotama.ac.id/wp-content/uploads/2014/11/Document-Exploration-with-Topic-Modeling-Designing-Interactive-Visualizations-to-Support-Effective-Analysis-Workflows.pdf}
}

@article{SooYi2005DustMetaphor,
    title = {{Dust {\&}amp; Magnet: Multivariate Information Visualization Using a Magnet Metaphor}},
    year = {2005},
    journal = {Information Visualization},
    author = {Soo Yi, Ji and Melton, Rachel and Stasko, John and Jacko, Julie A.},
    number = {4},
    pages = {239--256},
    volume = {4},
    url = {http://journals.sagepub.com/doi/10.1057/palgrave.ivs.9500099},
    doi = {10.1057/palgrave.ivs.9500099},
    issn = {1473-8716}
}

@inproceedings{Amershi2011EffectiveLearning,
    title = {{Effective End-User Interaction with Machine Learning}},
    year = {2011},
    booktitle = {Proceedings of the Twenty-Fifth AAAI Conference on Artificial Intelligence},
    author = {Amershi, Saleema and Fogarty, James and Kapoor, Ashish and Tan, Desney},
    pages = {1529 - 1532},
    url = {http://ezproxy.net.ucf.edu/login?url=http://search.proquest.com/docview/1143521974?accountid=10003\nhttp://sfx.fcla.edu/ucf?url_ver=Z39.88-2004&rft_val_fmt=info:ofi/fmt:kev:mtx:dissertation&genre=dissertations+&+theses&sid=ProQ:ProQuest+Dissertations+&+Th},
    isbn = {9781267696359},
    doi = {10.1145/2046396.2046416},
    issn = {00043702},
    keywords = {0984:Computer science, Applied sciences, Computer science, End users, Human-computer interaction, Machine learning}
}

@inproceedings{Yao2009EfficientCollections,
    title = {{Efficient Methods for Topic Model Inference on Streaming Document Collections}},
    year = {2009},
    booktitle = {Proceedings of the 15th ACM SIGKDD International Conference on Knowledge Discovery and Data Mining},
    author = {Yao, Limin and Mimno, David and McCallum, Andrew},
    pages = {937–946},
    series = {KDD '09},
    publisher = {ACM},
    address = {New York},
    isbn = {978-1-60558-495-9},
    doi = {10.1145/1557019.1557121}
}

@article{Nguyen9999EvaluatingWords,
    title = {{Evaluating Regularized Anchor Words}},
    year = {9999},
    journal = {mimno.infosci.cornell.edu},
    author = {Nguyen, T and Hu, Y. and Boyd-Graber, J.}
}

@inproceedings{Newman2010EvaluatingLibraries,
    title = {{Evaluating Topic Models for Digital Libraries}},
    year = {2010},
    booktitle = {Proceedings of the 10th ACM/IEEE-CS Joint Conference on Digital Libraries},
    author = {Newman, David and Noh, Youn and Talley, Edmund and Karimi, Sarvnaz and Baldwin, Timothy},
    pages = {215--224},
    url = {http://portal.acm.org/citation.cfm?id=1816123.1816156},
    isbn = {9781450300858},
    doi = {10.1145/1816123.1816156},
    keywords = {evaluation, topic models, topic quality, user studies}
}

@article{Aletras2015EvaluatingCollections,
    title = {{Evaluating Topic Representations for Exploring Document Collections}},
    year = {2015},
    journal = {Journal of the Association for Information Science and Technology},
    author = {Aletras, Nikolaos and Baldwin, Timothy and Lau, Jey Han and Stevenson, Mark},
    doi = {10.1002/asi.23574},
    issn = {2330-1643}
}

@article{Smith2017EvaluatingLabels,
    title = {{Evaluating Visual Representations for Topic Understanding and Their Effects on Manually Generated Topic Labels}},
    year = {2017},
    journal = {Transactions of the Association for Computational Linguistics},
    author = {Smith, Alison and Yeon Lee, Tak and Poursabzi-Sangdeh, Forough and Boyd-Graber, Jordan and Elmqvist, Niklas and Findlater, Leah},
    pages = {1--15},
    volume = {5},
    issn = {2307-387X}
}

@inproceedings{Wallach2009EvaluationModels,
    title = {{Evaluation Methods for Topic Models}},
    year = {2009},
    booktitle = {Proceedings of the 26th Annual International Conference on Machine Learning},
    author = {Wallach, Hanna M. and Murray, Iain and Salakhutdinov, Ruslan and Mimno, David},
    pages = {1105--1112},
    series = {ICML '09},
    publisher = {ACM},
    address = {New York},
    isbn = {978-1-60558-516-1},
    doi = {10.1145/1553374.1553515}
}

@article{Klein2015ExploratoryCollections,
    title = {{Exploratory thematic analysis for digitized archival collections}},
    year = {2015},
    journal = {Digital Scholarship in the Humanities},
    author = {Klein, Lauren F. and Eisenstein, Jacob and Sun, Iris},
    pages = {i130-i141},
    volume = {30},
    doi = {10.1093/llc/fqv052},
    issn = {2055768X}
}

@inproceedings{Haghighi2009ExploringSummarization,
    title = {{Exploring Content Models for Multi-Document Summarization}},
    year = {2009},
    booktitle = {Proceedings of HLT-NAACL 2009},
    author = {Haghighi, Aria and Vanderwende, Lucy},
    pages = {362--370},
    publisher = {Association for Computational Linguistics}
}

@inproceedings{Roder2015ExploringMeasures,
    title = {{Exploring the Space of Topic Coherence Measures}},
    year = {2015},
    booktitle = {Proceedings of the Eighth ACM International Conference on Web Search and Data Mining - WSDM '15},
    author = {R{\"{o}}der, Michael and Both, Andreas and Hinneburg, Alexander},
    pages = {399--408},
    url = {http://dl.acm.org/citation.cfm?doid=2684822.2685324},
    isbn = {9781450333177},
    doi = {10.1145/2684822.2685324}
}

@inproceedings{Stevens2012ExploringTopics,
    title = {{Exploring Topic Coherence over Many Models and Many Topics}},
    year = {2012},
    booktitle = {Proceedings of the 2012 Joint Conference on Empirical Methods in Natural Language Processing and Computational Natural Language Learning},
    author = {Stevens, Keith and Kegelmeyer, Philip and Andrzejewski, David and Buttler, David},
    number = {July},
    pages = {952--961},
    url = {http://aclanthology.info/papers/exploring-topic-coherence-over-many-models-and-many-topics},
    isbn = {9781937284435}
}

@inproceedings{Griffiths2004FindingTopics,
    title = {{Finding scientific topics}},
    year = {2004},
    booktitle = {Proceedings of the National Academy of Sciences of the United States of America},
    author = {Griffiths, Thomas L and Steyvers, Mark},
    pages = {5228--35},
    volume = {101},
    url = {http://www.ncbi.nlm.nih.gov/pubmed/14872004},
    isbn = {0027-8424 (Print){\textbackslash}r0027-8424 (Linking)},
    doi = {10.1073/pnas.0307752101},
    issn = {0027-8424},
    pmid = {14872004},
    keywords = {Databases, Documentation, Factual, Models, Monte Carlo Method, National Academy of Sciences (U.S.), Probability, Publishing, Science, Science: classification, Statistical, United States}
}

@article{Griffiths2004FindingTopics.,
    title = {{Finding scientific topics.}},
    year = {2004},
    journal = {Proceedings of the National Academy of Sciences of the United States of America},
    author = {Griffiths, Thomas L and Steyvers, Mark},
    pages = {5228--35},
    volume = {101 Suppl },
    url = {http://www.ncbi.nlm.nih.gov/pubmed/14872004},
    isbn = {0027-8424 (Print){\textbackslash}r0027-8424 (Linking)},
    doi = {10.1073/pnas.0307752101},
    issn = {0027-8424},
    pmid = {14872004},
    keywords = {Databases, Factual, Documentation, Models, Statistical, Monte Carlo Method, National Academy of Sciences (U.S.), Probability, Publishing, Science, Science: classification, United States}
}

@inproceedings{Du2017FindingEvaluation,
    title = {{Finding Similar People to Guide Life Choices: Challenge, Design, and Evaluation}},
    year = {2017},
    booktitle = {Proceedings of the SIGCHI Conference on Human Factors in Computing Systems},
    author = {Du, Fan and Plaisant, Catherine and Spring, Neil and Shneiderman, Ben},
    isbn = {9781450346559},
    doi = {10.1145/3025453.3025777},
    keywords = {Similarity, decision making, temporal event analytics, temporal visualization, visual analytics}
}

@misc{English2002FlexibleMetadata,
    title = {{Flexible Search and Navigation Using Faceted Metadata}},
    year = {2002},
    author = {English, Jennifer and Hearst, Marti and Sinha, Rashmi and Swearingen, Kirsten and Yee, Ka-Ping}
}

@article{Klein2002FromClustering,
    title = {{From instance-level constraints to space-level constraints: Making the most of prior knowledge in data clustering}},
    year = {2002},
    journal = {Int. Conf. Mach. Learn.},
    author = {Klein, Dan and Kamvar, Sepandar D and Manning, Christopher D},
    pages = {307--314},
    isbn = {1-55860-873-7}
}

@misc{2016Gartner2016,
    title = {{Gartner Says Worldwide Business Intelligence and Analytics Market to Reach {\$}16.9 Billion in 2016}},
    year = {2016},
    booktitle = {Press release from Gartner, Inc.},
    month = {2},
    address = {Sydney}
}

@article{Pennington2014GloVe:Representation,
    title = {{GloVe: Global Vectors for Word Representation}},
    year = {2014},
    journal = {Proceedings of the 2014 Conference on Empirical Methods in Natural Language Processing},
    author = {Pennington, Jeffrey and Socher, Richard and Manning, Christopher D},
    pages = {1532--1543},
    isbn = {9781937284961},
    doi = {10.3115/v1/D14-1162},
    issn = {10495258},
    pmid = {1710995},
    arxivId = {1504.06654}
}

@inproceedings{Drucker2011HelpingRecommendations,
    title = {{Helping Users Sort Faster with Adaptive Machine Learning Recommendations}},
    year = {2011},
    booktitle = {Proceedings of the 13th IFIP TC 13 International Conference on Human-computer Interaction - Volume Part III},
    author = {Drucker, Steven M. and Fisher, Danyel and Basu, Sumit},
    pages = {187–203},
    series = {INTERACT'11},
    publisher = {Springer-Verlag},
    address = {Berlin},
    isbn = {978-3-642-23764-5}
}

@article{Griffiths2004HierarchicalProcess,
    title = {{Hierarchical topic models and the nested Chinese restaurant process}},
    year = {2004},
    journal = {Advances in neural information processing systems},
    author = {Griffiths, DMBTL and Tenenbaum, MIJJB},
    pages = {17},
    volume = {16}
}

@article{Dou2013HierarchicalTopics:Hierarchies,
    title = {{HierarchicalTopics: Visually exploring large text collections using topic hierarchies}},
    year = {2013},
    journal = {IEEE Transactions on Visualization and Computer Graphics},
    author = {Dou, Wenwen and Yu, Li and Wang, Xiaoyu and Ma, Zhiqiang and Ribarsky, William},
    isbn = {1077-2626},
    doi = {10.1109/TVCG.2013.162},
    issn = {10772626},
    pmid = {24051766},
    keywords = {Hierarchical topic representation, rose tree, topic modeling, visual analytics}
}

@book{Smith2014Hierarchie:Models,
    title = {{Hi´erarchie: Interactive Visualization for Hierarchical Topic Models}},
    year = {2014},
    booktitle = {Proceedings of the Workshop on Interactive Language Learning, Visualization, and Interfaces, pages 71–78, Baltimore, Maryland, USA, June 27, 2014.},
    author = {Smith, Alison and Hawes, Timothy and Myers, Meredith},
    pages = {71--78},
    isbn = {9781941643150}
}

@article{Norman1994HowAgents,
    title = {{How might people interact with agents}},
    year = {1994},
    journal = {Communications of the ACM},
    author = {Norman, Donald A},
    number = {7},
    pages = {68--71},
    volume = {37},
    url = {http://doi.acm.org/10.1145/176789.176796},
    isbn = {0001-0782},
    doi = {10.1145/176789.176796},
    issn = {00010782},
    pmid = {8380674841994724857}
}

@misc{HulusBlog,
    title = {{Hulu’s Recommendation System « Hulu Tech Blog}}
}

@inproceedings{Kangasraasio2015ImprovingSearch,
    title = {{Improving Controllability and Predictability of Interactive Recommendation Interfaces for Exploratory Search}},
    year = {2015},
    booktitle = {Proceedings of the International Conference on Intelligent User Interfaces},
    author = {Kangasr{\"{a}}{\"{a}}si{\"{o}}, Antti and G{\l}owacka, Dorota and Kaski, Samuel},
    pages = {247--251},
    isbn = {9781450333061},
    doi = {10.1145/2678025.2701371},
    keywords = {Controllability, exploratory search, information retrieval, interactive user modelling, predictability, probabilistic user models, user interfaces}
}

@inproceedings{Newman2011ImprovingModels,
    title = {{Improving Topic Coherence with Regularized Topic Models}},
    year = {2011},
    booktitle = {Proceedings NIPS 2011},
    author = {Newman, D and Bonilla, Edwin and Buntine, Wray},
    pages = {1--9},
    url = {http://eprints.pascal-network.org/archive/00009047/},
    isbn = {9781618395993},
    keywords = {LDA, regularisation, topic modelling}
}

@inproceedings{Andrzejewski2009IncorporatingPriors.,
    title = {{Incorporating Domain Knowledge into Topic Modeling via Dirichlet Forest Priors.}},
    year = {2009},
    booktitle = {Proceedings of the International Conference on Machine Learning},
    author = {Andrzejewski, David and Zhu, Xiaojin and Craven, Mark},
    number = {26},
    pages = {25--32},
    volume = {382},
    url = {http://www.pubmedcentral.nih.gov/articlerender.fcgi?artid=2943854&tool=pmcentrez&rendertype=abstract},
    isbn = {978-1-60558-516-1},
    doi = {10.1145/1553374.1553378},
    issn = {1605585165},
    pmid = {20871805},
    arxivId = {NIHMS150003}
}

@inproceedings{Xie2015IncorporatingModeling,
    title = {{Incorporating Word Correlation Knowledge into Topic Modeling}},
    year = {2015},
    booktitle = {North American Association of Computational Linguistics},
    author = {Xie, Pengtao and Yang, Diyi and Xing, Eric P},
    pages = {725--734},
    url = {http://www.cs.cmu.edu/~pengtaox/papers/naacl15_mrflda.pdf%0Ahttp://aclweb.org/anthology/N/N15/N15-1074.pdf},
    isbn = {9781941643495}
}

@article{Holmqvist2017IntelligenceMaterial,
    title = {{Intelligence on tap: artificial intelligence as a new design material}},
    year = {2017},
    journal = {Interactions},
    author = {Holmqvist, Lars Erik},
    pages = {28--33},
    doi = {https://doi.org/10.1145/3085571}
}

@article{Swearingen2002InteractionSystems,
    title = {{Interaction design for recommender systems}},
    year = {2002},
    journal = {Designing Interactive Systems},
    author = {Swearingen, Kirsten and Sinha, Rashmi},
    pages = {1--10},
    url = {http://citeseerx.ist.psu.edu/viewdoc/summary?doi=10.1.1.15.7347%5Cnhttp://citeseerx.ist.psu.edu/viewdoc/download?doi=10.1.1.15.7347&rep=rep1&type=pdf},
    doi = {10.1.1.15.7347},
    issn = {09501991},
    pmid = {8575335},
    keywords = {evaluation, information retrieval, studies, usability studies, user, world wide web}
}

@article{Fails2003InteractiveLearning,
    title = {{Interactive machine learning}},
    year = {2003},
    journal = {Proceedings of the 8th international conference on Intelligent user interfaces IUI 03},
    author = {Fails, Jerry Alan and Olsen, Dan R},
    pages = {39--45},
    url = {http://portal.acm.org/citation.cfm?doid=604045.604056},
    isbn = {1581135866},
    doi = {10.1145/604045.604056},
    keywords = {creating a satisfactory classifier, first foremost, however, implementation such a, machine learning, perceptive user interfaces, poses many, problem rapidly, problems, simple solution, tool}
}

@article{Fails2003InteractiveLearningb,
    title = {{Interactive machine learning}},
    year = {2003},
    journal = {Proceedings of the 8th international conference on Intelligent user interfaces IUI 03},
    author = {Fails, Jerry Alan and Olsen, Dan R},
    pages = {39--45},
    url = {http://portal.acm.org/citation.cfm?doid=604045.604056},
    isbn = {1581135866},
    doi = {10.1145/604045.604056},
    issn = {1913-8997},
    keywords = {creating a satisfactory classifier, first foremost, however, implementation such a, machine learning, perceptive user interfaces, poses many, problem rapidly, problems, simple solution, tool}
}

@inproceedings{Riehmann2005InteractiveDiagrams,
    title = {{Interactive sankey diagrams}},
    year = {2005},
    booktitle = {Proceedings - IEEE Symposium on Information Visualization, INFO VIS},
    author = {Riehmann, Patrick and Hanfler, Manfred and Froehlich, Bernd},
    pages = {233--240},
    isbn = {078039464X},
    doi = {10.1109/INFVIS.2005.1532152},
    issn = {1522404X},
    keywords = {Flow diagram, Sankey diagram}
}

@article{Hu2014InteractiveModeling,
    title = {{Interactive Topic Modeling}},
    year = {2014},
    journal = {Machine Learning},
    author = {Hu, Yuening and Boyd-Graber, Jordan and Satinoff, Brianna and Smith, Alison},
    number = {3},
    month = {6},
    pages = {423--469},
    volume = {95},
    doi = {10.1007/s10994-013-5413-0},
    issn = {0885-6125}
}

@inproceedings{Bakharia2016InteractiveAnalysis,
    title = {{Interactive Topic Modeling for aiding Qualitative Content Analysis}},
    year = {2016},
    booktitle = {Proceedings of the 2016 ACM Conference on Human Information Interaction and Retrieval},
    author = {Bakharia, Aneesha and Bruza, Peter and Watters, Jim and Narayan, Bhuva and Sitbon, Laurianne},
    pages = {213--222},
    url = {http://dl.acm.org/citation.cfm?doid=2854946.2854960},
    isbn = {9781450337519},
    doi = {10.1145/2854946.2854960}
}

@article{Hoque2016InteractiveConversations,
    title = {{Interactive Topic Modeling for Exploring Asynchronous Online Conversations}},
    year = {2016},
    journal = {ACM Transactions on Interactive Intelligent Systems},
    author = {Hoque, Enamul and Carenini, Giuseppe},
    number = {1},
    pages = {1--24},
    volume = {6},
    url = {http://dl.acm.org/citation.cfm?doid=2896319.2854158},
    isbn = {9781450333061},
    doi = {10.1145/2854158},
    issn = {21606455}
}

@inproceedings{Saeidi2015ITMViz:Analysis,
    title = {{ITMViz: Interactive Topic Modeling for Source Code Analysis}},
    year = {2015},
    booktitle = {Proceedings of the IEEE International Conference on Program Comprehension},
    author = {Saeidi, Amir M. and Hage, Jurriaan and Khadka, Ravi and Jansen, Slinger},
    pages = {295--298},
    isbn = {9781467381598},
    doi = {10.1109/ICPC.2015.44},
    keywords = {LDA, Program Analysis, Topic Modeling}
}

@article{Lee2012IVisClustering:Modeling,
    title = {{iVisClustering: An Interactive Visual Document Clustering via Topic Modeling}},
    year = {2012},
    journal = {Computer Graphics Forum},
    author = {Lee, Hanseung and Kihm, Jaeyeon and Choo, Jaegul and Stasko, John and Park, Haesun},
    number = {3pt3},
    pages = {1155--1164},
    volume = {31},
    url = {http://doi.wiley.com/10.1111/j.1467-8659.2012.03108.x},
    isbn = {1467-8659},
    doi = {10.1111/j.1467-8659.2012.03108.x},
    issn = {01677055}
}

@article{Lee2012IVisClustering:Modelingb,
    title = {{iVisClustering: An Interactive Visual Document Clustering via Topic Modeling}},
    year = {2012},
    journal = {Computer Graphics Forum},
    author = {Lee, Hanseung and Kihm, Jaeyeon and Choo, Jaegul and Stasko, John and Park, Haesun},
    number = {3pt3},
    pages = {1155--1164},
    volume = {31},
    url = {http://doi.wiley.com/10.1111/j.1467-8659.2012.03108.x},
    isbn = {1467-8659},
    doi = {10.1111/j.1467-8659.2012.03108.x},
    issn = {01677055}
}

@inproceedings{Ramage2009LabeledCorpora,
    title = {{Labeled LDA: A Supervised Topic Model for Credit Attribution in Multi-labeled Corpora}},
    year = {2009},
    booktitle = {Proceedings of the 2009 Conference on Empirical Methods in Natural Language Processing: Volume 1 - Volume 1},
    author = {Ramage, Daniel and Hall, David and Nallapati, Ramesh and Manning, Christopher D.},
    pages = {248–256},
    series = {EMNLP '09},
    publisher = {Association for Computational Linguistics},
    address = {Stroudsburg},
    isbn = {978-1-932432-59-6}
}

@article{Aletras2014LabellingMethods,
    title = {{Labelling Topics using Unsupervised Graph-based Methods}},
    year = {2014},
    journal = {Proceedings of the 52nd Annual Meeting of the Association for Computational Linguistics (Volume 2: Short Papers)},
    author = {Aletras, Nikolaos and Stevenson, Mark and Court, Regent},
    pages = {631--636},
    url = {http://www.aclweb.org/anthology/P/P14/P14-2103},
    isbn = {9781937284732}
}

@article{Blei2003LatentAllocation,
    title = {{Latent Dirichlet Allocation}},
    year = {2003},
    journal = {The Journal of Machine Learning Research},
    author = {Blei, David M. and Ng, Andrew Y. and Jordan, Michael I.},
    number = {1},
    pages = {993--1022},
    volume = {3},
    url = {http://dl.acm.org/citation.cfm?id=944919.944937},
    isbn = {9781577352815},
    doi = {10.1162/jmlr.2003.3.4-5.993},
    issn = {1532-4435},
    pmid = {21362469},
    arxivId = {1111.6189v1},
    keywords = {Artificial intelligence, Computing methodologies, Language resources, Learning settings, Machine learning, Machine learning approaches, Natural language processing, Neural networks}
}

@inproceedings{Wei2006LDA-basedRetrieval,
    title = {{LDA-based Document Models for Ad-hoc Retrieval}},
    year = {2006},
    booktitle = {Proceedings of the 29th Annual International ACM SIGIR Conference on Research and Development in Information Retrieval},
    author = {Wei, Xing and Croft, W. Bruce},
    pages = {178–185},
    series = {SIGIR '06},
    publisher = {ACM},
    address = {New York},
    isbn = {1-59593-369-7},
    doi = {10.1145/1148170.1148204}
}

@article{Sievert2014LDAvis:Topics,
    title = {{LDAvis: A method for visualizing and interpreting topics}},
    year = {2014},
    journal = {Proceedings of the Workshop on Interactive Language Learning, Visualization, and Interfaces},
    author = {Sievert, Carson and Shirley, Kenneth},
    pages = {63--70},
    url = {http://www.aclweb.org/anthology/W/W14/W14-3110},
    isbn = {1932432655},
    doi = {10.1.1.100.1089},
    issn = {10495258},
    pmid = {25246403},
    arxivId = {arXiv:1011.1669v3}
}

@inproceedings{Lau2014MachineQuality,
    title = {{Machine Reading Tea Leaves : Automatically Evaluating Topic Coherence and Topic Model Quality}},
    year = {2014},
    booktitle = {Proceedings of the Conference of the European Chapter of the Association for Computational Linguistics},
    author = {Lau, Jey Han and Newman, David and Baldwin, Timothy},
    pages = {530--539},
    url = {http://www.aclweb.org/anthology/E14-1056},
    isbn = {9781632663962}
}

@inproceedings{Daume2009MarkovFields,
    title = {{Markov Random Topic Fields}},
    year = {2009},
    booktitle = {Proceedings of the ACL-IJCNLP 2009 Conference Short Papers},
    author = {Daum{\'{e}}, Hal},
    pages = {293–296},
    series = {ACLShort '09},
    publisher = {Association for Computational Linguistics},
    address = {Stroudsburg}
}

@inproceedings{Rashid2006MotivatingContribution,
    title = {{Motivating Participation by Displaying the Value of Contribution}},
    year = {2006},
    booktitle = {Proceedings of the SIGCHI conference on Human Factors in computing systems},
    author = {Rashid, Al M. and Ling, Kimberly and Tassone, Regina D. and Resnick, Paul and Kraut, Robert and Riedl, John},
    pages = {955--958},
    url = {http://portal.acm.org/citation.cfm?doid=1124772.1124915},
    isbn = {1595933727},
    doi = {10.1145/1124772.1124915},
    issn = {1-59593-372-7}
}

@article{Kuang2015NonnegativeClustering,
    title = {{Nonnegative Matrix Factorization for Interactive Topic Modeling and Document Clustering}},
    year = {2015},
    journal = {Partitional Clustering Algorithms},
    author = {Kuang, D and Choo, J and Park, H},
    pages = {1--28},
    url = {http://www.math.ucla.edu/~dakuang/pub/2015_pca_nmf.pdf%0Ahttp://link.springer.com/chapter/10.1007/978-3-319-09259-1_7},
    isbn = {9783319092591},
    doi = {10.1007/978-3-319-09259-1{\_}7},
    keywords = {Block coordinate descent @BULLET, Document clustering @BULLET, Interactive visual analytics, Nonnegative matrix factorization @BULLET, Topic mod-eling @BULLET}
}

@inproceedings{Bouma2009NormalizedExtraction,
    title = {{Normalized (Pointwise) Mutual Information in Collocation Extraction}},
    year = {2009},
    booktitle = {Proceedings of the Biennial GSCL Conference},
    author = {Bouma, G.},
    pages = {31--40},
    address = {T{\"{u}}bingen}
}

@inproceedings{Asuncion2009OnModels,
    title = {{On Smoothing and Inference for Topic Models}},
    year = {2009},
    booktitle = {Proceedings of the Conference on Uncertainty in Artificial Intelligence},
    author = {Asuncion, Arthur and Welling, Max and Smyth, Padraic and Teh, Yee Whye},
    pages = {27--34},
    url = {http://eprints.pascal-network.org/archive/00006729/},
    isbn = {978-0-9749039-5-8},
    arxivId = {1205.2662},
    keywords = {Computational, Information Retrieval {\&} Textual Information Access, Information-Theoretic Learning with, Learning/Statistics {\&} Optimisation, Natural Language Processing, Theory {\&} Algorithms}
}

@inproceedings{Mimno2011OptimizingModels,
    title = {{Optimizing Semantic Coherence in Topic Models}},
    year = {2011},
    booktitle = {Proceedings of the Conference on Empirical Methods in Natural Language Processing},
    author = {Mimno, David and Wallach, Hanna M and Talley, Edmund and Leenders, Miriam and McCallum, Andrew},
    number = {2},
    pages = {262--272},
    isbn = {978-1-937284-11-4},
    issn = {1937284115},
    keywords = {topic coherence, topic models, topics evaluation}
}

@inproceedings{Dou2011ParallelTopics:Collections,
    title = {{ParallelTopics: A probabilistic approach to exploring document collections}},
    year = {2011},
    booktitle = {2011 IEEE Conference on Visual Analytics Science and Technology (VAST)},
    author = {Dou, Wenwen and Wang, Xiaoyu and Chang, Remco and Ribarsky, William},
    pages = {231--240},
    url = {http://ieeexplore.ieee.org/document/6102461/},
    isbn = {978-1-4673-0014-8},
    doi = {10.1109/VAST.2011.6102461}
}

@inproceedings{Hu2012PersonalizedSupervision,
    title = {{Personalized Document Clustering with Dual Supervision}},
    year = {2012},
    booktitle = {Proceedings of the 2012 ACM Symposium on Document Engineering},
    author = {Hu, Yeming and Milios, Evangelos E. and Blustein, James and Liu, Shali},
    pages = {161–170},
    series = {DocEng '12},
    publisher = {ACM},
    address = {New York},
    isbn = {978-1-4503-1116-8},
    doi = {10.1145/2361354.2361393}
}

@inproceedings{Hu2014PolylingualAdaptation,
    title = {{Polylingual Tree-Based Topic Models for Translation Domain Adaptation}},
    year = {2014},
    booktitle = {Proceedings of the Association for Computational Linguistics.},
    author = {Hu, Yuening and Zhai, Ke and Eidelman, Vlad and Boyd-Graber, Jordan},
    pages = {1166--1176},
    address = {Baltimore}
}

@misc{Amershi2014PowerLearning,
    title = {{Power to the People: The Role of Humans in Interactive Machine Learning}},
    year = {2014},
    booktitle = {AI Magazine},
    author = {Amershi, Saleema and Cakmak, Maya and Knox, William Bradley and Kulesza, Todd},
    number = {4},
    pages = {105--120},
    volume = {35},
    url = {http://aaaipress.org/ojs/index.php/aimagazine/article/view/2513},
    doi = {10.1609/aimag.v35i4.2513},
    issn = {0738-4602},
    keywords = {Interactive Machine Learning}
}

@article{Amershi2014PowerLearningb,
    title = {{Power to the People: The Role of Humans in Interactive Machine Learning}},
    year = {2014},
    journal = {AI Magazine},
    author = {Amershi, Saleema and Cakmak, Maya and Knox, W. Bradley and Kulesza, Todd},
    month = {12}
}

@inproceedings{Greene2006PracticalClustering,
    title = {{Practical Solutions to the Problem of Diagonal Dominance in Kernel Document Clustering}},
    year = {2006},
    booktitle = {Proceedings of the International Conference on Machine Learning},
    author = {Greene, Derek and Cunningham, Padraig},
    pages = {377--384},
    url = {http://mlg.ucd.ie/files/publications/greene06icml.pdf},
    isbn = {1595933832},
    doi = {10.1145/1143844.1143892}
}

@inproceedings{Gajos2008PredictabilityInterfaces,
    title = {{Predictability and Accuracy in Adaptive User Interfaces}},
    year = {2008},
    booktitle = {Proceeding of the SIGCHI conference on Human Factors in Computing systems},
    author = {Gajos, Krzysztof Z. and Everitt, Katherine and Tan, Desney S. and Czerwinski, Mary and Weld, Daniel S.},
    pages = {1271--1274},
    url = {http://portal.acm.org/citation.cfm?doid=1357054.1357252},
    isbn = {9781605580111},
    doi = {10.1145/1357054.1357252}
}

@inproceedings{Horvitz1999PrinciplesInterfaces,
    title = {{Principles of Mixed-Initiative User Interfaces}},
    year = {1999},
    booktitle = {Proceeding of the SIGCHI conference on Human Factors in Computing Systems},
    author = {Horvitz, Eric},
    pages = {159--166},
    publisher = {ACM},
    address = {New York},
    isbn = {0-201-48559-1},
    doi = {10.1145/302979.303030}
}

@article{Blei2010ProbabilisticModels,
    title = {{Probabilistic topic models}},
    year = {2010},
    journal = {IEEE Signal Processing Magazine},
    author = {Blei, David and Carin, Lawrence and Dunson, David},
    number = {6},
    pages = {55--65},
    volume = {27},
    isbn = {0805854185},
    doi = {10.1109/MSP.2010.938079},
    issn = {10535888},
    pmid = {7789277},
    arxivId = {1003.4916}
}

@article{Blei2012ProbabilisticModels,
    title = {{Probabilistic Topic Models}},
    year = {2012},
    journal = {Commun. ACM},
    author = {Blei, David M.},
    number = {4},
    month = {4},
    pages = {77–84},
    volume = {55},
    doi = {10.1145/2133806.2133826},
    issn = {0001-0782}
}

@article{Chang2009ReadingModels,
    title = {{Reading Tea Leaves: How Humans Interpret Topic Models}},
    year = {2009},
    journal = {Advances in Neural Information Processing Systems},
    author = {Chang, Jonathan and Gerrish, Sean and Wang, Chong and Blei, David M},
    pages = {288--296},
    volume = {22},
    url = {http://www.umiacs.umd.edu/~jbg/docs/nips2009-rtl.pdf},
    isbn = {9781615679119},
    doi = {10.1.1.100.1089},
    issn = {1098-6596},
    pmid = {25246403},
    arxivId = {arXiv:1011.1669v3}
}

@article{JonathanChang2009ReadingModels.,
    title = {{Reading Tea Leaves: How Humans Interpret Topic Models.}},
    year = {2009},
    author = {Jonathan Chang, Jordan L. Boyd-Graber},
    pages = {288--296}
}

@inproceedings{Amershi2012Regroup:Networks,
    title = {{Regroup: Interactive Machine Learning for On-demand Group Creation in Social Networks}},
    year = {2012},
    booktitle = {Proceedings of the SIGCHI Conference on Human Factors in Computing Systems},
    author = {Amershi, Saleema and Fogarty, James and Weld, Daniel},
    pages = {21–30},
    series = {CHI '12},
    publisher = {ACM},
    address = {New York},
    isbn = {978-1-4503-1015-4},
    doi = {10.1145/2207676.2207680}
}

@article{Hruschka2004ReliabilityResearch,
    title = {{Reliability in Coding Open-Ended Data: Lessons Learned from HIV Behavioral Research}},
    year = {2004},
    journal = {Field Methods},
    author = {Hruschka, Daniel J. and Schwartz, Deborah and St.John, Daphne Cobb and Picone-Decaro, Erin and Jenkins, Richard A. and Carey, James W.},
    number = {3},
    month = {8},
    pages = {307--331},
    volume = {16},
    doi = {10.1177/1525822X04266540},
    issn = {1525-822X, 1552-3969},
    language = {en}
}

@article{Aletras2014RepresentingLibraries,
    title = {{Representing Topics Labels for Exploring Digital Libraries}},
    year = {2014},
    journal = {ACM/IEEE Joint Conference on Digital Libraries (JCDL 2014) International Conference on Theory and Practice of Digital Libraries (TPDL 2014) London, 8th-12th September 2014},
    author = {Aletras, Nikolaos and Baldwin, Timothy and Lau, Jey Han and Stevenson, Mark},
    pages = {239--248},
    isbn = {9781479955695},
    keywords = {ability within the topic, alternative topic repre-, e, however, i, in this paper, including textual and image, labels, representa-, sentations have been proposed, the top- n words, we compare different topic, with highest marginal prob-}
}

@article{Wallach2009RethinkingMatter,
    title = {{Rethinking LDA : Why Priors Matter}},
    year = {2009},
    journal = {Advances in Neural Information Processing Systems 22},
    author = {Wallach, Hanna M and Mimno, David and Mccallum, Andrew},
    number = {2},
    pages = {1973--1981},
    volume = {22},
    url = {http://citeseerx.ist.psu.edu/viewdoc/download?doi=10.1.1.149.185&amp;rep=rep1&amp;type=pdf},
    isbn = {9781615679119},
    doi = {10.1007/s10708-008-9161-9},
    issn = {02699370},
    pmid = {2508715}
}

@inproceedings{Kim2015ScalableData,
    title = {{Scalable and interpretable data representation for high-dimensional, complex data}},
    year = {2015},
    booktitle = {Twenty-Ninth AAAI Conference on Artificial Intelligence},
    author = {Kim, Been and Patel, Kayur and Rostamizadeh, Afshin and Shah, Julie},
    pages = {1763--1769}
}

@inproceedings{Alexander2015Serendip:Corpora,
    title = {{Serendip: Topic Model-Driven Visual Exploration of Text Corpora}},
    year = {2015},
    booktitle = {2014 Proceedings of the IEEE Conference on Visual Analytics Science and Technology},
    author = {Alexander, Eric and Kohlmann, Joe and Valenza, Robin and Witmore, Michael and Gleicher, Michael},
    pages = {173--182},
    isbn = {9781479962273},
    doi = {10.1109/VAST.2014.7042493},
    keywords = {Text visualization, topic modeling}
}

@inproceedings{Roberts2007StateVisualization,
    title = {{State of the art: Coordinated {\&} multiple views in exploratory visualization}},
    year = {2007},
    booktitle = {Proceedings - Fifth International Conference on Coordinated and Multiple Views in Exploratory Visualization, CMV 2007},
    author = {Roberts, Jonathan C.},
    pages = {61--71},
    isbn = {0769529038},
    doi = {10.1109/CMV.2007.20},
    keywords = {Coordinated and multiple views, Exploratory visualization, Information visualization, Linked views}
}

@article{Hook2000StepsReal,
    title = {{Steps to take before intelligent user interfaces become real}},
    year = {2000},
    journal = {Interacting with Computers},
    author = {H{\"{o}}{\"{o}}k, K.},
    number = {4},
    pages = {409--426},
    volume = {12},
    url = {http://www.sciencedirect.com/science/article/pii/S0953543899000065},
    isbn = {0953-5438},
    doi = {10.1016/S0953-5438(99)00006-5},
    issn = {09535438},
    keywords = {Intelligent user interfaces, Usability, User modelling}
}

@article{Hook2000StepsRealb,
    title = {{Steps to take before Intelligent User Interfaces become real}},
    year = {2000},
    journal = {Interacting With Computers},
    author = {H{\"{o}}{\"{o}}k, Kristina},
    number = {4},
    pages = {409--426},
    volume = {12},
    doi = {doi:10.1016/S0953-5438(99)00006-5}
}

@inproceedings{Viegas2004StudyingVisualizations,
    title = {{Studying cooperation and conflict between authors with history flow visualizations}},
    year = {2004},
    booktitle = {2004 Conference on Human factors in Computing Systems},
    author = {Vi{\'{e}}gas, Fernanda B. and Wattenberg, Martin and Dave, Kushal},
    number = {1},
    pages = {575--582},
    volume = {6},
    url = {http://alumni.media.mit.edu/~fviegas/papers/history_flow.pdf%5Cnhttp://portal.acm.org/citation.cfm?doid=985692.985765},
    isbn = {1581137028},
    doi = {10.1145/985692.985765},
    issn = {1581137028},
    pmid = {363},
    keywords = {allowing users to change, categories, content of the page, edit this page, higher level of, link at the bottom, subject descriptors, the, this interface supports a}
}

@article{Alexander2015Task-DrivenModels,
    title = {{Task-Driven Comparison of Topic Models}},
    year = {2015},
    journal = {IEEE Transactions on Visualization and Computer Graphics},
    author = {Alexander, E. and Gleicher, M.},
    number = {99},
    pages = {1--1},
    volume = {PP},
    doi = {10.1109/TVCG.2015.2467618},
    issn = {1077-2626}
}

@inproceedings{Kulesza2012TellAgent,
    title = {{Tell me more? The Effects of Mental Model Soundness on Personalizing an Intelligent Agent}},
    year = {2012},
    booktitle = {Proceedings of the 2012 ACM annual conference on Human Factors in Computing Systems - CHI '12},
    author = {Kulesza, Todd and Stumpf, Simone and Burnett, Margaret and Kwan, Irwin},
    pages = {1},
    url = {http://0-doi.acm.org.wam.city.ac.uk/10.1145/2207676.2207678\nhttp://dl.acm.org/citation.cfm?doid=2207676.2207678},
    isbn = {9781450310154},
    doi = {10.1145/2207676.2207678}
}

@inproceedings{Chuang2012Termite:Models,
    title = {{Termite: Visualization Techniques for Assessing Textual Topic Models}},
    year = {2012},
    booktitle = {Proceedings of the International Working Conference on Advanced Visual Interfaces},
    author = {Chuang, Jason and Manning, Christopher D. and Heer, Jeffrey},
    pages = {74--77},
    series = {AVI '12},
    publisher = {ACM},
    address = {New York},
    isbn = {978-1-4503-1287-5},
    doi = {10.1145/2254556.2254572}
}

@article{Cui2011Textflow:Text,
    title = {{Textflow: Towards better understanding of evolving topics in text}},
    year = {2011},
    journal = {IEEE Transactions on Visualization and Computer Graphics},
    author = {Cui, Weiwei and Liu, Shixia and Tan, Li and Shi, Conglei and Song, Yangqiu and Gao, Zekai and Tong, Xin and Qu, Huamin},
    number = {12},
    pages = {2412--2421},
    volume = {17},
    isbn = {1077-2626},
    doi = {10.1109/TVCG.2011.239},
    issn = {10772626},
    pmid = {22034362},
    arxivId = {1404.4606},
    keywords = {Critical event, Hierarchical Dirichlet process, Text visualization, Topic evolution}
}

@book{Mandel1997TheDesign,
    title = {{The Elements of User Interface Design}},
    year = {1997},
    booktitle = {Star},
    author = {Mandel, Theo},
    pages = {440},
    url = {http://books.google.com/books?id=H-ZQAAAAMAAJ&pgis=1},
    isbn = {0471162671}
}

@article{Shneiderman1996TheNvisualizations,
    title = {{The eyes have it: a task by data type taxonomy for informatio nvisualizations}},
    year = {1996},
    journal = {Proceedings 1996 IEEE Symposium on Visual Languages},
    author = {Shneiderman, Ben},
    pages = {336--343},
    isbn = {0-8186-7508-X},
    doi = {10.1109/VL.1996.545307},
    issn = {1049-2615},
    pmid = {4986861},
    arxivId = {arXiv:1011.1669v3}
}

@article{Lee2017TheModels,
    title = {{The Human Touch: How Non-ExpertUusers Perceive, Interpret, and Fix Topic Models}},
    year = {2017},
    journal = {International Journal of Human Computer Studies},
    author = {Lee, Tak Yeon and Smith, Alison and Seppi, Kevin and Elmqvist, Niklas and Boyd-Graber, Jordan and Findlater, Leah},
    pages = {28--42},
    volume = {105},
    doi = {10.1016/j.ijhcs.2017.03.007},
    issn = {10959300},
    keywords = {Mixed-initiative interaction, Topic modeling, User study}
}

@book{Sandhaus2008TheCorpus,
    title = {{The New York Times Annotated Corpus}},
    year = {2008},
    author = {Sandhaus, Evan},
    publisher = {Linguistic Data Consortium},
    address = {Philadelphia}
}

@inproceedings{Bussone2015TheSystems,
    title = {{The role of explanations on trust and reliance in clinical decision support systems}},
    year = {2015},
    booktitle = {Proceedings - 2015 IEEE International Conference on Healthcare Informatics, ICHI 2015},
    author = {Bussone, Adrian and Stumpf, Simone and O'Sullivan, Dympna},
    pages = {160--169},
    isbn = {9781467395489},
    doi = {10.1109/ICHI.2015.26},
    keywords = {CDSS, Explanations, Reliability, Reliance, Trust, User study}
}

@inproceedings{Sinha2002TheSystems,
    title = {{The Role of Transparency in Recommender Systems}},
    year = {2002},
    booktitle = {Proceedings of the SIGCHI conference on Human Factors in computing systems Extended Abstracts},
    author = {Sinha, Rashmi and Swearingen, Kirsten},
    pages = {830--831},
    url = {http://portal.acm.org/citation.cfm?doid=506443.506619},
    isbn = {1581134541},
    doi = {10.1145/506443.506619},
    arxivId = {126},
    keywords = {recommender systems, usability studies, www}
}

@inproceedings{Gardner2010TheModels,
    title = {{The Topic Browser: An Interactive Tool for Browsing Topic Models}},
    year = {2010},
    booktitle = {Proceedings of the Workshop on Challenges of Data Visualization, held in conjunction with the 24th Annual Conference on Neural Information Processing Systems},
    author = {Gardner, Matthew J. and Lutes, Joshua and Lund, Jeff and Hansen, Josh and Walker, Dan and Ringger, Eric and Seppi, Kevin},
    pages = {1--9},
    url = {http://cseweb.ucsd.edu/~lvdmaaten/workshops/nips2010/papers/gardner.pdf}
}

@article{Havre2002ThemeRiver:Collections,
    title = {{ThemeRiver: Visualizing thematic changes in large document collections}},
    year = {2002},
    journal = {IEEE Transactions on Visualization and Computer Graphics},
    author = {Havre, Susan and Hetzler, Elizabeth and Whitney, Paul and Nowell, Lucy},
    number = {1},
    pages = {9--20},
    volume = {8},
    isbn = {1077-2626},
    doi = {10.1109/2945.981848},
    issn = {10772626},
    keywords = {Metaphor, Time line, Trend analysis, Visualization}
}

@article{Liu2012Tiara:Analysis,
    title = {{Tiara: Interactive, Topic-Based Visual Text Summarization and Analysis}},
    year = {2012},
    journal = {ACM Transactions on Intelligent Systems and Technology},
    author = {Liu, Shixia and Zhou, Michelle X. and Pan, Shimei and Song, Yangqiu and Qian, Weihong and Cai, Weijia and Lian, Xiaoxiao},
    isbn = {9781605585123},
    doi = {10.1145/2089094.2089101},
    issn = {21576904},
    keywords = {Text analytics, interactive text visualization, stacked graph, text summarization, text trend chart, topic model}
}

@inproceedings{Chuang2013TopicAlignment,
    title = {{Topic Model Diagnostics: Assessing Domain Relevance via Topical Alignment}},
    year = {2013},
    booktitle = {Proceedings of the 30th International Conference on Machine Learning (ICML-13)},
    author = {Chuang, Jason and Gupta, Sonal and Manning, Christopher D. and Heer, Jeffrey},
    pages = {612–620}
}

@inproceedings{Wallach2006TopicBag-of-words,
    title = {{Topic Modeling: Beyond Bag-of-words}},
    year = {2006},
    booktitle = {Proceedings of the 23rd International Conference on Machine Learning},
    author = {Wallach, Hanna M.},
    pages = {977–984},
    series = {ICML '06},
    publisher = {ACM},
    address = {New York},
    isbn = {1-59593-383-2},
    doi = {10.1145/1143844.1143967}
}

@article{Blei2009TopicModels,
    title = {{Topic Models}},
    year = {2009},
    journal = {Text Mining: Classification, Clustering, and Applications},
    author = {Blei, David M and Lafferty, John D},
    pages = {71--89},
    isbn = {1595933832},
    doi = {10.1145/1143844.1143859},
    issn = {15324435},
    pmid = {9013932},
    arxivId = {arXiv:0712.1486v1}
}

@article{Liu2009Topic-LinkCommunity,
    title = {{Topic-Link LDA : Joint Models of Topic and Author Community}},
    year = {2009},
    journal = {Proceedings of the 26th International Conference on Machine Learning (ICML)},
    author = {Liu, Yan and Niculescu-Mizil, Alexandru and Gryc, Wojciech},
    pages = {665--672},
    isbn = {1605585165},
    doi = {10.1145/1553374.1553460},
    keywords = {LDA, Topic model, network data, variational inference}
}

@article{Chuang2015TopicCheck:Stability,
    title = {{TopicCheck: Interactive Alignment for Assessing Topic Model Stability}},
    year = {2015},
    journal = {Working paper},
    author = {Chuang, Jason and Roberts, Margaret E and Stewart, Brandon M and Weiss, Rebecca and Tingley, Dustin and Grimmer, Justin and Heer, Jeffrey}
}

@article{Nallapati2011TopicFlowDocuments,
    title = {{TopicFlow model: Unsupervised learning of topic-specific influences of hyperlinked documents}},
    year = {2011},
    journal = {Journal of Machine Learning Research},
    author = {Nallapati, Ramesh and McFarland, Daniel and Manning, Christopher},
    pages = {543--551},
    volume = {15},
    issn = {15324435},
    keywords = {Artificial intelligence;Hypertext systems;Visualiz}
}

@inproceedings{Malik2013TopicFlow:Time,
    title = {{TopicFlow: Visualizing Topic Alignment of Twitter Data over Time}},
    year = {2013},
    booktitle = {Proceedings of the 2013 IEEE/ACM International Conference on Advances in Social Networks Analysis and Mining},
    author = {Malik, Sana and Smith, Alison and Hawes, Timothy and Papadatos, Panagis and Li, Jianyu and Dunne, Cody and Shneiderman, Ben},
    pages = {720–726},
    series = {ASONAM '13},
    publisher = {ACM},
    address = {New York},
    isbn = {978-1-4503-2240-9},
    doi = {10.1145/2492517.2492639}
}

@article{Gretarsson2012TopicNets:Modeling,
    title = {{TopicNets: Visual Analysis of Large Text Corpora with Topic Modeling}},
    year = {2012},
    journal = {ACM Trans. Intell. Syst. Technol.},
    author = {Gretarsson, Brynjar and O'Donovan, John and Bostandjiev, Svetlin and H{\"{o}}llerer, Tobias and Asuncion, Arthur and Newman, David and Smyth, Padhraic},
    number = {2},
    month = {2},
    pages = {23:1–23:26},
    volume = {3},
    doi = {10.1145/2089094.2089099},
    issn = {2157-6904}
}

@inproceedings{Crossno2011TopicView:Collections,
    title = {{TopicView: Visually Comparing Topic Models of Text Collections}},
    year = {2011},
    booktitle = {2011 23rd IEEE International Conference on Tools with Artificial Intelligence (ICTAI)},
    author = {Crossno, P.J. and Wilson, A.T. and Shead, T.M. and Dunlavy, D.M.},
    month = {11},
    pages = {936--943},
    doi = {10.1109/ICTAI.2011.162}
}

@inproceedings{Eisenstein2012TopicViz:Collections,
    title = {{TopicViz: Interactive Topic Exploration in Document Collections}},
    year = {2012},
    booktitle = {Proceedings of the ACM annual conference extended abstracts on Human Factors in Computing Systems Extended Abstracts},
    author = {Eisenstein, Jacob and Chau, Duen Horng and Kittur, Aniket and Xing, Eric},
    pages = {2177--2182},
    url = {http://dl.acm.org/citation.cfm?id=2212776.2223772},
    isbn = {9781450310161},
    doi = {10.1145/2212776.2223772},
    keywords = {interactive visualization, topic analysis}
}

@article{Smith2015TowardsCapability,
    title = {{Towards an automated product generation capability}},
    year = {2015},
    journal = {SPIE Sensing Technology Applications},
    author = {Smith, Alison and Hawes, Timothy and Nolan, Jim}
}

@inproceedings{Rosenthal2010TowardsData,
    title = {{Towards Maximizing the Accuracy of Human-Labeled Sensor Data}},
    year = {2010},
    booktitle = {Proceedings of the International Conference on Intelligent User Interfaces},
    author = {Rosenthal, Stephanie L. and Dey, Anind K.},
    pages = {259--268},
    url = {http://dl.acm.org/citation.cfm?doid=1719970.1720006},
    isbn = {9781605585154},
    doi = {10.1145/1719970.1720006}
}

@article{Abras2004User-centeredDesign,
    title = {{User-centered design}},
    year = {2004},
    journal = {Bainbridge, W. Encyclopedia of Human-Computer Interaction. Thousand Oaks: Sage Publications},
    author = {Abras, Chadia and Maloney-Krichmar, Diane and Preece, Jenny},
    number = {4},
    pages = {445–56},
    volume = {37},
    url = {http://uba-mobile.googlecode.com/svn/trunk/resources/Abras, Maloney-krichmar, Preece/Bainbridge, W. Encyclopedia of Human-Computer Interaction. Thousand Oaks Sage Publications - Abras, Maloney-Krichmar, Preece - 2004 - User-Centered Design.pdf},
    isbn = {0974309125},
    doi = {10.1.1.94.381},
    issn = {1875-9270},
    pmid = {21099019},
    arxivId = {arXiv:1011.1669v3}
}

@article{Abras2004User-centeredDesignb,
    title = {{User-centered design}},
    year = {2004},
    journal = {Bainbridge, W. Encyclopedia of Human-Computer Interaction. Thousand Oaks: Sage Publications},
    author = {Abras, Chadia and Maloney-Krichmar, Diane and Preece, Jenny},
    number = {4},
    pages = {445–56},
    volume = {37},
    isbn = {0974309125},
    doi = {10.1.1.94.381},
    issn = {1875-9270},
    pmid = {21099019}
}

@inproceedings{Musialek2016UsingApproach,
    title = {{Using Text Analytic Techniques to Create Efficiencies in Analyzing Qualitative Data : A Comparison between Traditional Content Analysis and a Topic Modeling Approach}},
    year = {2016},
    booktitle = {AAPOR Conference},
    author = {Musialek, Chris and Resnik, Philip and Stavisky, Andrew S.},
    keywords = {computational linguistics, content analysis, information, lda, topic modeling, visualization}
}

@article{Braun2006UsingPsychology,
    title = {{Using Thematic Analysis in Psychology}},
    year = {2006},
    journal = {Qualitative Research in Psychology},
    author = {Braun, Virginia and Clarke, Victoria},
    number = {2},
    month = {1},
    pages = {77--101},
    volume = {3},
    doi = {10.1191/1478088706qp063oa},
    issn = {1478-0887, 1478-0895},
    language = {en}
}

@article{Choo2013UTOPIAN:Factorization,
    title = {{UTOPIAN: User-Driven Topic Modeling Based on Interactive Nonnegative Matrix Factorization}},
    year = {2013},
    journal = {IEEE Transactions on Visualization and Computer Graphics},
    author = {Choo, Jaegul and Lee, Changhyun and Reddy, Chandan K. and Park, Haesun},
    number = {12},
    pages = {1992--2001},
    volume = {19},
    isbn = {1077-2626},
    doi = {10.1109/TVCG.2013.212},
    issn = {10772626},
    pmid = {24051765},
    keywords = {Latent dirichlet allocation, interactive clustering, nonnegative matrix factorization, text analytics, topic modeling, visual analytics}
}

@article{Fortuna2005VisualizationCorpus,
    title = {{Visualization of text document corpus}},
    year = {2005},
    journal = {Informatica},
    author = {Fortuna, Blaz and Grobelnik, Marko and Mladenic, Dunja},
    number = {4},
    volume = {29}
}

@incollection{Silic2010VisualizationSurvey,
    title = {{Visualization of Text Streams: A Survey}},
    year = {2010},
    booktitle = {Knowledge-Based and Intelligent Information and Engineering Systems},
    author = {{\v{S}}ili{\'{c}}, Artur and Ba{\v{s}}i{\'{c}}, Bojana Dalbelo},
    editor = {Setchi, Rossitza and Jordanov, Ivan and Howlett, Robert J. and Jain, Lakhmi C.},
    month = {9},
    pages = {31--43},
    series = {Lecture Notes in Computer Science},
    publisher = {Springer Berlin Heidelberg},
    isbn = {978-3-642-15389-1},
    language = {en}
}

@article{ORourke2011VisualizingEssays,
    title = {{Visualizing topic flow in students' essays}},
    year = {2011},
    journal = {Educational Technology and Society},
    author = {O'Rourke, Stephen T. and Calvo, Rafael A. and McNamara, Danielle S.},
    number = {3},
    pages = {4--15},
    volume = {14},
    isbn = {1436-4522},
    issn = {11763647},
    keywords = {Argument flow, Document visualizations, Writing}
}

@inproceedings{Chaney2012VisualizingModels,
    title = {{Visualizing Topic Models}},
    year = {2012},
    booktitle = {Proceedings of the International Conference on Weblogs and Social Media},
    author = {Chaney, Allison June-Barlow and Blei, David M.},
    pages = {419--422}
}