@article{Newman2009,
author = {Newman, David and Asuncion, Arthur and Smyth, Padhraic and Welling, Max},
file = {:home/yi/.local/share/data/Mendeley Ltd./Mendeley Desktop/Downloaded/Newman et al. - 2009 - Distributed Algorithms for Topic Models.pdf:pdf},
issn = {1532-4435},
journal = {The Journal of Machine Learning Research},
month = dec,
pages = {1801--1828},
publisher = {JMLR.org},
title = {{Distributed Algorithms for Topic Models}},
url = {http://dl.acm.org/citation.cfm?id=1577069.1755845},
volume = {10},
year = {2009}
}
@article{marco,
  title={Ms MARCO: A human generated machine reading comprehension dataset},
  author={Nguyen, Tri and Rosenberg, Mir and Song, Xia and Gao, Jianfeng and Tiwary, Saurabh and Majumder, Rangan and Deng, Li},
  journal={arXiv preprint arXiv:1611.09268},
  year={2016}
};
@inproceedings{yih2015semantic,
  author    = {Yih, Wen-tau  and  Chang, Ming-Wei  and  He, Xiaodong  and  Gao, Jianfeng},
  title     = {Semantic Parsing via Staged Query Graph Generation: Question Answering with Knowledge Base},
  booktitle = {Proceedings of the 53rd Annual Meeting of the Association for Computational Linguistics and the 7th International Joint Conference on Natural Language Processing (ACL 2015)},
  year      = {2015},
  publisher = {ACL},
  pages     = {1321--1331}
};
@inproceedings{Xiong2016BOE,
  title={Bag-of-Entities representation for ranking},
  author={Xiong, Chenyan and Callan, Jamie and Liu, Tie-Yan},
  booktitle={Proceedings of the sixth ACM International Conference on the Theory of Information Retrieval (ICTIR 2016)},
   pages={181--184},
  organization={ACM},
  year={2016}
};
@book{croft2010search,
  title={Search Engines: {Information Retrieval} in Practice},
  author={Croft, W Bruce and Metzler, Donald and Strohman, Trevor},
  year={2010},
  publisher={Addison-Wesley Reading}
};
@article{weston2014memory,
  title={Memory networks},
  author={Weston, Jason and Chopra, Sumit and Bordes, Antoine},
  journal={arXiv preprint arXiv:1410.3916},
  year={2014}
};
@phdthesis{cxthesis,
  title={Text Representation, Retrieval, and Understanding with Knowledge Graphs},
  author={Xiong, Chenyan},
  year={2018},
  school={Carnegie Mellon University}
};
@inproceedings{Paulheim2018HowMI,
  title={How much is a Triple? Estimating the Cost of Knowledge Graph Creation},
  author={Heiko Paulheim},
  booktitle={International Semantic Web Conference},
  year={2018}
};
@inproceedings{bast2015more,
  title={More Accurate Question Answering on {Freebase}},
  author={Bast, Hannah and Haussmann, Elmar},
   booktitle={Proceedings of the 24th ACM International Conference on Information and Knowledge Management (CIKM 2015)},
  pages={1431-1440},
  year={2015},
  organization={ACM}
};
@inproceedings{knowledgevalut,
title = {Knowledge Vault: A Web-Scale Approach to Probabilistic Knowledge Fusion},
author  = {Xin Luna Dong and Evgeniy Gabrilovich and Geremy Heitz and Wilko Horn and Ni Lao and Kevin Murphy and Thomas Strohmann and Shaohua Sun and Wei Zhang},
year  = {2014},
booktitle = {The 20th {ACM} {SIGKDD} International Conference on Knowledge Discovery  and Data Mining, {KDD} '14, New York, NY, {USA} - August 24 - 27,  2014},
pages = {601--610}
}
@phdthesis{chen2018neural,
  title={Neural Reading Comprehension and Beyond},
  author={Chen, Danqi},
  year={2018},
  school={Stanford University}
};
  
  @inproceedings{vinyals2015pointer,
  title={Pointer networks},
  author={Vinyals, Oriol and Fortunato, Meire and Jaitly, Navdeep},
  booktitle={Advances in Neural Information Processing Systems},
  pages={2692--2700},
  year={2015}
};
@article{zhong2019coarse,
  title={Coarse-grain Fine-grain Coattention Network for Multi-evidence Question Answering},
  author={Zhong, Victor and Xiong, Caiming and Keskar, Nitish Shirish and Socher, Richard},
  journal={arXiv preprint arXiv:1901.00603},
  year={2019}
};

@article{welbl2018constructing,
  title={Constructing datasets for multi-hop reading comprehension across documents},
  author={Welbl, Johannes and Stenetorp, Pontus and Riedel, Sebastian},
  journal={Transactions of the Association of Computational Linguistics},
  volume={6},
  pages={287--302},
  year={2018},
  publisher={MIT Press}
};


@inproceedings{mendes2011dbpedia,
  title={{DBpedia} spotlight: shedding light on the web of documents},
  author={Mendes, Pablo N and Jakob, Max and Garc{\'\i}a-Silva, Andr{\'e}s and Bizer, Christian},
  booktitle={Proceedings of the 7th International Conference on Semantic Systems},
  pages={1--8},
  year={2011},
  organization={ACM}
};

@inproceedings{iyyer2014neural,
  title={A neural network for factoid question answering over paragraphs},
  author={Iyyer, Mohit and Boyd-Graber, Jordan and Claudino, Leonardo and Socher, Richard and Daum{\'e} III, Hal},
  booktitle={Proceedings of the 2014 Conference on Empirical Methods in Natural Language Processing (EMNLP)},
  pages={633--644},
  year={2014}
}
@article{clark2017simple,
  title={Simple and effective multi-paragraph reading comprehension},
  author={Clark, Christopher and Gardner, Matt},
  journal={arXiv preprint arXiv:1710.10723},
  year={2017}
}
@inproceedings{pennington2014glove,
  title={Glove: Global vectors for word representation},
  author={Pennington, Jeffrey and Socher, Richard and Manning, Christopher},
  booktitle={Proceedings of the 2014 conference on empirical methods in natural language processing (EMNLP)},
  pages={1532--1543},
  year={2014}
}

@inproceedings{bollacker2008freebase,
  title={Freebase: a collaboratively created graph database for structuring human knowledge},
  author={Bollacker, Kurt and Evans, Colin and Paritosh, Praveen and Sturge, Tim and Taylor, Jamie},
  booktitle={Proceedings of the 2008 ACM SIGMOD international conference on Management of data},
  pages={1247--1250},
  year={2008},
  organization={ACM}
}

@InProceedings{D16-1147,
  author =  "Miller, Alexander
    and Fisch, Adam
    and Dodge, Jesse
    and Karimi, Amir-Hossein
    and Bordes, Antoine
    and Weston, Jason",
  title =   "Key-Value Memory Networks for Directly Reading Documents",
  booktitle =   "Proceedings of the 2016 Conference on Empirical Methods in Natural      Language Processing    ",
  year =  "2016",
  publisher =   "Association for Computational Linguistics",
  pages =   "1400--1409",
  location =  "Austin, Texas"
}

@inproceedings{chen2017reading,
  title={Reading Wikipedia to Answer Open-Domain Questions},
  author={Chen, Danqi and Fisch, Adam and Weston, Jason and Bordes, Antoine},
  booktitle={Proceedings of the 55th Annual Meeting of the Association for Computational Linguistics (Volume 1: Long Papers)},
  volume={1},
  pages={1870--1879},
  year={2017}
}

@inproceedings{kaushik2018much,
  title={How Much Reading Does Reading Comprehension Require? A Critical Investigation of Popular Benchmarks},
  author={Kaushik, Divyansh and Lipton, Zachary C},
  booktitle={Proceedings of the 2018 Conference on Empirical Methods in Natural Language Processing},
  pages={5010--5015},
  year={2018}
}

@ARTICLE{spacy2,
   AUTHOR  = {Honnibal, Matthew AND Montani, Ines},
   TITLE   = {spaCy 2: Natural language understanding with Bloom embeddings, convolutional neural networks and incremental parsing},
   YEAR    = {2017},
   JOURNAL = {To appear}
}

@inproceedings{ferragina2010tagme,
  title={Tagme: on-the-fly annotation of short text fragments (by wikipedia entities)},
  author={Ferragina, Paolo and Scaiella, Ugo},
  booktitle={Proceedings of the 19th ACM international conference on Information and knowledge management},
  pages={1625--1628},
  year={2010},
  organization={ACM}
}

@book{gormley2015elasticsearch,
  title={Elasticsearch: The definitive guide: A distributed real-time search and analytics engine},
  author={Gormley, Clinton and Tong, Zachary},
  year={2015},
  publisher={" O'Reilly Media, Inc."}
}

@inproceedings{devlin2018bert,
  title={BERT: Pre-training of Deep Bidirectional Transformers for Language Understanding},
  author={Devlin, Jacob and Chang, Ming-Wei and Lee, Kenton and Toutanova, Kristina},
  booktitle={Proceedings of the 2019 Conference of the North American Chapter of the Association for Computational Linguistics: Human Language Technologies, Volume 1 (Long and Short Papers)},
  pages={4171--4186},
  year={2019}
}

@article{hamilton2017representation,
  title={Representation learning on graphs: Methods and applications},
  author={Hamilton, William L and Ying, Rex and Leskovec, Jure},
  journal={arXiv preprint arXiv:1709.05584},
  year={2017}
}

@InProceedings{miller2016key,
  author =  "Miller, Alexander
    and Fisch, Adam
    and Dodge, Jesse
    and Karimi, Amir-Hossein
    and Bordes, Antoine
    and Weston, Jason",
  title =   "Key-Value Memory Networks for Directly Reading Documents",
  booktitle =   "Proceedings of the 2016 Conference on Empirical Methods in Natura Language Processing    ",
  year =  "2016",
  publisher =   "Association for Computational Linguistics",
  pages =   "1400--1409",
  location =  "Austin, Texas"
}

@inproceedings{berant2013semantic,
  title={Semantic parsing on Freebase from question-answer pairs},
  author={Berant, Jonathan and Chou, Andrew and Frostig, Roy and Liang, Percy},
  booktitle={Proceedings of the 2013 Conference on Empirical Methods in Natural Language Processing},
  pages={1533--1544},
  year={2013}
}

@inproceedings{yih2016value,
  title={The value of semantic parse labeling for knowledge base question answering},
  author={Yih, Wen-tau and Richardson, Matthew and Meek, Chris and Chang, Ming-Wei and Suh, Jina},
  booktitle={Proceedings of the 54th Annual Meeting of the Association for Computational Linguistics (Volume 2: Short Papers)},
  volume={2},
  pages={201--206},
  year={2016}
}

@article{bordes2015large,
  title={Large-scale simple question answering with memory networks},
  author={Bordes, Antoine and Usunier, Nicolas and Chopra, Sumit and Weston, Jason},
  journal={arXiv preprint arXiv:1506.02075},
  year={2015}
}


@inproceedings{cai2013large,
  title={Large-scale semantic parsing via schema matching and lexicon extension},
  author={Cai, Qingqing and Yates, Alexander},
  booktitle={Proceedings of the 51st Annual Meeting of the Association for Computational Linguistics (Volume 1: Long Papers)},
  volume={1},
  pages={423--433},
  year={2013}
}

@inproceedings{bao2014knowledge,
  title={Knowledge-based question answering as machine translation},
  author={Bao, Junwei and Duan, Nan and Zhou, Ming and Zhao, Tiejun},
  booktitle={Proceedings of the 52nd Annual Meeting of the Association for Computational Linguistics (Volume 1: Long Papers)},
  volume={1},
  pages={967--976},
  year={2014}
}

@inproceedings{yao2014information,
  title={Information extraction over structured data: Question answering with Freebase},
  author={Yao, Xuchen and Van Durme, Benjamin},
  booktitle={Proceedings of the 52nd Annual Meeting of the Association for Computational Linguistics (Volume 1: Long Papers)},
  volume={1},
  pages={956--966},
  year={2014}
}

@inproceedings{kwiatkowski2013scaling,
  title={Scaling semantic parsers with on-the-fly ontology matching},
  author={Kwiatkowski, Tom and Choi, Eunsol and Artzi, Yoav and Zettlemoyer, Luke},
  booktitle={Proceedings of the 2013 conference on empirical methods in natural language processing},
  pages={1545--1556},
  year={2013}
}

@article{reddy2014large,
  title={Large-scale semantic parsing without question-answer pairs},
  author={Reddy, Siva and Lapata, Mirella and Steedman, Mark},
  journal={Transactions of the Association for Computational Linguistics},
  volume={2},
  pages={377--392},
  year={2014},
  publisher={MIT Press}
}

@InProceedings{rajpurkar2016squad,
  author =  "Rajpurkar, Pranav
    and Zhang, Jian
    and Lopyrev, Konstantin
    and Liang, Percy",
  title =   "SQuAD: 100,000+ Questions for Machine Comprehension of Text",
  booktitle =   "Proceedings of the 2016 Conference on Empirical Methods in Natural      Language Processing    ",
  year =  "2016",
  publisher =   "Association for Computational Linguistics",
  pages =   "2383--2392",
  location =  "Austin, Texas"
}

@inproceedings{rajpurkar2018know,
  title={Know What You Don’t Know: Unanswerable Questions for SQuAD},
  author={Rajpurkar, Pranav and Jia, Robin and Liang, Percy},
  booktitle={Proceedings of the 56th Annual Meeting of the Association for Computational Linguistics (Volume 2: Short Papers)},
  volume={2},
  pages={784--789},
  year={2018}
}


@inproceedings{gardner2017open,
  title={Open-vocabulary semantic parsing with both distributional statistics and formal knowledge},
  author={Gardner, Matt and Krishnamurthy, Jayant},
  booktitle={Thirty-First AAAI Conference on Artificial Intelligence},
  year={2017}
}

@article{seo2016bidirectional,
  title={Bidirectional attention flow for machine comprehension},
  author={Seo, Minjoon and Kembhavi, Aniruddha and Farhadi, Ali and Hajishirzi, Hannaneh},
  journal={arXiv preprint arXiv:1611.01603},
  year={2016}
}

@inproceedings{wang2018r,
  title={R 3: Reinforced Ranker-Reader for Open-Domain Question Answering},
  author={Wang, Shuohang and Yu, Mo and Guo, Xiaoxiao and Wang, Zhiguo and Klinger, Tim and Zhang, Wei and Chang, Shiyu and Tesauro, Gerry and Zhou, Bowen and Jiang, Jing},
  booktitle={Thirty-Second AAAI Conference on Artificial Intelligence},
  year={2018}
}

@inproceedings{clark2018simple,
  title={Simple and Effective Multi-Paragraph Reading Comprehension},
  author={Clark, Christopher and Gardner, Matt},
  booktitle={Proceedings of the 56th Annual Meeting of the Association for Computational Linguistics (Volume 1: Long Papers)},
  volume={1},
  pages={845--855},
  year={2018}
}

@article{peng2017cross,
  title={Cross-sentence n-ary relation extraction with graph lstms},
  author={Peng, Nanyun and Poon, Hoifung and Quirk, Chris and Toutanova, Kristina and Yih, Wen-tau},
  journal={Transactions of the Association for Computational Linguistics},
  volume={5},
  pages={101--115},
  year={2017},
  publisher={MIT Press}
}

@inproceedings{zhang2018graph,
  title={Graph Convolution over Pruned Dependency Trees Improves Relation Extraction},
  author={Zhang, Yuhao and Qi, Peng and Manning, Christopher D},
  booktitle={Proceedings of the 2018 Conference on Empirical Methods in Natural Language Processing},
  pages={2205--2215},
  year={2018}
}

@inproceedings{song2018graph,
  title={A Graph-to-Sequence Model for AMR-to-Text Generation},
  author={Song, Linfeng and Zhang, Yue and Wang, Zhiguo and Gildea, Daniel},
  booktitle={Proceedings of the 56th Annual Meeting of the Association for Computational Linguistics (Volume 1: Long Papers)},
  volume={1},
  pages={1616--1626},
  year={2018}
}

@inproceedings{de2018question,
  title={Question Answering by Reasoning Across Documents with Graph Convolutional Networks},
  author={De Cao, Nicola and Aziz, Wilker and Titov, Ivan},
  booktitle={Proceedings of the 2019 Conference of the North American Chapter of the Association for Computational Linguistics: Human Language Technologies, Volume 1 (Long and Short Papers)},
  pages={2306--2317},
  year={2019}
}


@article{kipf2016semi,
  title={Semi-supervised classification with graph convolutional networks},
  author={Kipf, Thomas N and Welling, Max},
  Booktitle={International Conference on Learning Representations},
  year={2017}
}

@article{scarselli2009graph,
  title={The graph neural network model},
  author={Scarselli, Franco and Gori, Marco and Tsoi, Ah Chung and Hagenbuchner, Markus and Monfardini, Gabriele},
  journal={IEEE Transactions on Neural Networks},
  volume={20},
  number={1},
  pages={61--80},
  year={2009},
  publisher={IEEE}
}

@inproceedings{liang2017neural,
  title={Neural Symbolic Machines: Learning Semantic Parsers on Freebase with Weak Supervision},
  author={Liang, Chen and Berant, Jonathan and Le, Quoc and Forbus, Kenneth D and Lao, Ni},
  booktitle={Proceedings of the 55th Annual Meeting of the Association for Computational Linguistics (Volume 1: Long Papers)},
  volume={1},
  pages={23--33},
  year={2017}
}

@article{schlichtkrull2017modeling,
  title={Modeling Relational Data with Graph Convolutional Networks},
  author={Schlichtkrull, Michael and Kipf, Thomas N and Bloem, Peter and Berg, Rianne van den and Titov, Ivan and Welling, Max},
  journal={arXiv preprint arXiv:1703.06103},
  year={2017}
}

@inproceedings{sun2018open,
  title={Open Domain Question Answering Using Early Fusion of Knowledge Bases and Text},
  author={Sun, Haitian and Dhingra, Bhuwan and Zaheer, Manzil and Mazaitis, Kathryn and Salakhutdinov, Ruslan and Cohen, William},
  booktitle={Proceedings of the 2018 Conference on Empirical Methods in Natural Language Processing},
  pages={4231--4242},
  year={2018}
}

@article{paszke2017automatic,
  title={Automatic differentiation in PyTorch},
  author={Paszke, Adam and Gross, Sam and Chintala, Soumith and Chanan, Gregory and Yang, Edward and DeVito, Zachary and Lin, Zeming and Desmaison, Alban and Antiga, Luca and Lerer, Adam},
  year={2017}
}



@inproceedings{Elgohary:Zhao:Boyd-Graber-2018,
Title = {Dataset and Baselines for Sequential Open-Domain Question Answering},
Author = {Ahmed Elgohary and Chen Zhao and Jordan Boyd-Graber},
Booktitle = {Empirical Methods in Natural Language Processing},
Year = {2018},
Location = {Brussels, Belgium},
}

@inproceedings{Boyd-Graber:Satinoff:He:Daume-III-2012,
  Title = {Besting the Quiz Master: Crowdsourcing Incremental Classification Games},
  Author = {Jordan Boyd-Graber and Brianna Satinoff and He He and Hal {Daum\'{e} III}},
  Booktitle = {Empirical Methods in Natural Language Processing},
  Year = {2012},
  Location = {Jeju, South Korea},
}

@inproceedings{joshi2017triviaqa,
  title={TriviaQA: A Large Scale Distantly Supervised Challenge Dataset for Reading Comprehension},
  author={Joshi, Mandar and Choi, Eunsol and Weld, Daniel and Zettlemoyer, Luke},
  booktitle={Proceedings of the 55th Annual Meeting of the Association for Computational Linguistics (Volume 1: Long Papers)},
  volume={1},
  pages={1601--1611},
  year={2017}
}

@inproceedings{Iyyer:Boyd-Graber:Claudino:Socher:Daume-2014,
Title = {A Neural Network for Factoid Question Answering over Paragraphs},
Author = {Mohit Iyyer and Jordan Boyd-Graber and Leonardo Claudino and Richard Socher and Hal {Daum\'e III}},
Booktitle = {Empirical Methods in Natural Language Processing},
Year = {2014},
Location = {Doha, Qatar},
}

@book{Gormley:2015:EDG:2904394,
 author = {Gormley, Clinton and Tong, Zachary},
 title = {Elasticsearch: The Definitive Guide},
 year = {2015},
 isbn = {1449358543, 9781449358549},
 edition = {1st},
 publisher = {O'Reilly Media, Inc.},
} 

@misc{callan2009clueweb09,
  title={Clueweb09 data set},
  author={Callan, Jamie and Hoy, Mark and Yoo, Changkuk and Zhao, Le},
  year={2009}
}

@article{lally2012question,
  title={Question analysis: How Watson reads a clue},
  author={Lally, Adam and Prager, John M and McCord, Michael C and Boguraev, Branimir K and Patwardhan, Siddharth and Fan, James and Fodor, Paul and Chu-Carroll, Jennifer},
  journal={IBM Journal of Research and Development},
  volume={56},
  number={3.4},
  pages={2--1},
  year={2012},
  publisher={IBM}
}

@inproceedings{ling2012fine,
  title={Fine-grained entity recognition},
  author={Ling, Xiao and Weld, Daniel S},
  booktitle={Twenty-Sixth AAAI Conference on Artificial Intelligence},
  year={2012}
}

@article{kingma2014adam,
  title={Adam: A method for stochastic optimization},
  author={Kingma, Diederik P and Ba, Jimmy},
  journal={arXiv preprint arXiv:1412.6980},
  year={2014}
}

@inproceedings{Lu:2019:ACQ,
 author = {Lu, Xiaolu and Pramanik, Soumajit and Saha Roy, Rishiraj and Abujabal, Abdalghani and Wang, Yafang and Weikum, Gerhard},
 title = {Answering Complex Questions by Joining Multi-Document Evidence with Quasi Knowledge Graphs},
 booktitle = {Proceedings of the 42nd International ACM SIGIR Conference on Research and Development in Information Retrieval},
 series = {SIGIR'19},
 year = {2019},
 isbn = {978-1-4503-6172-9},
 location = {Paris, France},
 pages = {105--114},
 publisher = {ACM},
 address = {New York, NY, USA},
} 

@article{yu2018qanet,
  title={Qanet: Combining local convolution with global self-attention for reading comprehension},
  author={Yu, Adams Wei and Dohan, David and Luong, Minh-Thang and Zhao, Rui and Chen, Kai and Norouzi, Mohammad and Le, Quoc V},
  journal={arXiv preprint arXiv:1804.09541},
  year={2018}
}


@inproceedings{yang2018hotpotqa,
  title={{HotpotQA}: A Dataset for Diverse, Explainable Multi-hop Question Answering},
  author={Yang, Zhilin and Qi, Peng and Zhang, Saizheng and Bengio, Yoshua and Cohen, William W. and Salakhutdinov, Ruslan and Manning, Christopher D.},
  booktitle={Proceedings of the Conference on Empirical Methods in Natural Language Processing ({EMNLP})},
  year={2018}
}

@inproceedings{qiu-etal-2019-dynamically,
    title = "Dynamically Fused Graph Network for Multi-hop Reasoning",
    author = "Qiu, Lin  and
      Xiao, Yunxuan  and
      Qu, Yanru  and
      Zhou, Hao  and
      Li, Lei  and
      Zhang, Weinan  and
      Yu, Yong",
    booktitle = "Proceedings of the 57th Annual Meeting of the Association for Computational Linguistics",
    month = jul,
    year = "2019",
    address = "Florence, Italy",
    publisher = "Association for Computational Linguistics",
    pages = "6140--6150",
}

@inproceedings{ding-etal-2019-cognitive,
    title = "Cognitive Graph for Multi-Hop Reading Comprehension at Scale",
    author = "Ding, Ming  and
      Zhou, Chang  and
      Chen, Qibin  and
      Yang, Hongxia  and
      Tang, Jie",
    booktitle = "Proceedings of the 57th Annual Meeting of the Association for Computational Linguistics",
    month = jul,
    year = "2019",
    address = "Florence, Italy",
    publisher = "Association for Computational Linguistics",
    pages = "2694--2703"
}

@inproceedings{ min2019multi,
  title={ Multi-hop Reading Comprehension through Question Decomposition and Rescoring },
  author={ Min, Sewon and Zhong, Victor and Zettlemoyer, Luke and Hajishirzi, Hannaneh },
  booktitle={ ACL },
  year={ 2019 }
}

@inproceedings{suchanek2007yago,
  title={Yago: a core of semantic knowledge},
  author={Suchanek, Fabian M and Kasneci, Gjergji and Weikum, Gerhard},
  booktitle={Proceedings of the 16th international conference on World Wide Web},
  pages={697--706},
  year={2007},
  organization={ACM}
}

@article{vrandevcic2014wikidata,
  title={Wikidata: a free collaborative knowledge base},
  author={Vrande{\v{c}}i{\'c}, Denny and Kr{\"o}tzsch, Markus},
  year={2014}
}

@article{bordes2014question,
  title={Question answering with subgraph embeddings},
  author={Bordes, Antoine and Chopra, Sumit and Weston, Jason},
  journal={arXiv preprint arXiv:1406.3676},
  year={2014}
}


@inproceedings{dong-etal-2015-question,
    title = "Question Answering over {F}reebase with Multi-Column Convolutional Neural Networks",
    author = "Dong, Li  and
      Wei, Furu  and
      Zhou, Ming  and
      Xu, Ke",
    booktitle = "Proceedings of the 53rd Annual Meeting of the Association for Computational Linguistics and the 7th International Joint Conference on Natural Language Processing (Volume 1: Long Papers)",
    month = jul,
    year = "2015",
    address = "Beijing, China",
    publisher = "Association for Computational Linguistics",
    doi = "10.3115/v1/P15-1026",
    pages = "260--269",
}

@inproceedings{ min2018efficient,
  title={ Efficient and Robust Question Answering from Minimal Context over Documents },
  author={ Min, Sewon and Zhong, Victor and Socher, Richard and Xiong, Caiming },
  booktitle={ ACL },
  year={ 2018 }
}

@article{vakulenko2019message,
  title={Message Passing for Complex Question Answering over Knowledge Graphs},
  author={Vakulenko, Svitlana and Garcia, Javier David Fernandez and Polleres, Axel and de Rijke, Maarten and Cochez, Michael},
  journal={arXiv preprint arXiv:1908.06917},
  year={2019}
}

@inproceedings{ min2019compositional,
  title = { Compositional Questions Do Not Necessitate Multi-hop Reasoning },
  author = { Min, Sewon and Wallace, Eric and Singh, Sameer and Gardner, Matt and Hajishirzi, Hannaneh and Zettlemoyer, Luke },
  booktitle = { ACL },
  year = { 2019 }
}

@article{ferrucci2010building,
  title={Building Watson: An overview of the DeepQA project},
  author={Ferrucci, David and Brown, Eric and Chu-Carroll, Jennifer and Fan, James and Gondek, David and Kalyanpur, Aditya A and Lally, Adam and Murdock, J William and Nyberg, Eric and Prager, John and others},
  journal={AI magazine},
  volume={31},
  number={3},
  pages={59--79},
  year={2010}
}
@book{salton1983introduction,
  title={Introduction to modern information retrieval},
  author={Salton, Gerard and McGill, Michael J},
  year={1983},
  publisher={mcgraw-hill}
}

@article{kwiatkowski2019natural,
  title={Natural questions: a benchmark for question answering research},
  author={Kwiatkowski, Tom and Palomaki, Jennimaria and Redfield, Olivia and Collins, Michael and Parikh, Ankur and Alberti, Chris and Epstein, Danielle and Polosukhin, Illia and Devlin, Jacob and Lee, Kenton and others},
  journal={Transactions of the Association for Computational Linguistics},
  volume={7},
  pages={453--466},
  year={2019},
  publisher={MIT Press}
}


@inproceedings{tu-etal-2019-multi,
    title = "Multi-hop Reading Comprehension across Multiple Documents by Reasoning over Heterogeneous Graphs",
    author = "Tu, Ming  and
      Wang, Guangtao  and
      Huang, Jing  and
      Tang, Yun  and
      He, Xiaodong  and
      Zhou, Bowen",
    booktitle = "Proceedings of the 57th Annual Meeting of the Association for Computational Linguistics",
    month = jul,
    year = "2019",
    address = "Florence, Italy",
    publisher = "Association for Computational Linguistics",
    pages = "2704--2713"
}

@article{yang2019xlnet,
  title={XLNet: Generalized Autoregressive Pretraining for Language Understanding},
  author={Yang, Zhilin and Dai, Zihang and Yang, Yiming and Carbonell, Jaime and Salakhutdinov, Ruslan and Le, Quoc V},
  journal={arXiv preprint arXiv:1906.08237},
  year={2019}
}
[download]