@Article{Teh2006,
  title={Hierarchical {Dirichlet} Processes},
  author={Teh, Yee Whye and Jordan, Michael I. and Beal, Matthew J. and Blei, David M.},
  journal={Journal of the American Statistical Association},
  volume={101},
  number={476},
  year={2006}
}

@inproceedings{palmer2009semlink,
  title={Semlink: Linking propbank, verbnet and framenet},
  author={Palmer, Martha},
  booktitle={Proceedings of the generative lexicon conference},
  pages={9--15},
  year={2009},
  organization={Pisa Italy}
}

@inproceedings{goldberg2013dataset,
  title={A Dataset of Syntactic-Ngrams over Time from a Very Large Corpus of English Books.},
  author={Goldberg, Yoav and Orwant, Jon},
  year={2013}
}

@Book{Levin1993,
  title={English verb classes and alternations: A preliminary investigation},
  author={Levin, Beth},
  year={1993},
  publisher={The University of Chicago Press}
}


@InProceedings{Korhonen2003,
  author    = {Anna Korhonen  and  Yuval Krymolowski  and  Zvika Marx},
    title     = {Clustering Polysemic Subcategorization Frame Distributions Semantically},
      booktitle = {Proceedings of the 41st Annual Meeting of the Association for Computational Linguistics (ACL2003)},
        year      = {2003},
	  pages     = {64--71},
	    url       = {http://www.aclweb.org/anthology/P03-1009}
	    }


@inproceedings{Stevenson1999,
  title={Automatic verb classification using distributions of grammatical features},
  author={Stevenson, Suzanne and Merlo, Paola},
  booktitle={Proceedings of the ninth conference on European chapter of the Association for Computational Linguistics},
  pages={45--52},
  year={1999},
  organization={Association for Computational Linguistics}
}

@PhDThesis{Kipper2005,
  author = {Karin Kipper-Schuler},
  title  = {VerbNet: A Broad-Coverage, Comprehensive Verb Lexicon},
  year   = {2005},
  school = {University of Pennsylvania}
}
@article{deerwester1990indexing,
  title={Indexing by latent semantic analysis},
  author={Deerwester, Scott and Dumais, Susan T and Furnas, George W and Landauer, Thomas K and Harshman, Richard},
  journal={Journal of the American society for information science},
  volume={41},
  number={6},
  pages={391},
  year={1990},
  publisher={American Documentation Institute}
}
@article{ferguson1973bayesian,
  title={A Bayesian analysis of some nonparametric problems},
  author={Ferguson, Thomas S},
  journal={The annals of statistics},
  pages={209--230},
  year={1973},
  publisher={JSTOR}
}
@InProceedings{Kawahara2014a,
    author = {Daisuke Kawahara and Daniel W. Peterson and Martha Palmer},
    title = {A Step-wise Usage-based Method for Inducing Polysemy-aware Verb Classes},
    year = {2014},
    booktitle = {Proceedings of the 52nd Annual Meeting of the Association for Computational Linguistics (ACL2014)},
}

@inproceedings{Kawahara2014b,
  title={Single Classifier Approach for Verb Sense Disambiguation based on Generalized Features.},
    author={Kawahara, Daisuke and Palmer, Martha},
      booktitle={LREC},
        pages={4210--4213},
	  year={2014}
	  }

@article{Hearst1998,
  title={Support vector machines},
    author={Hearst, Marti A. and Dumais, Susan T and Osman, Edgar and Platt, John and Scholkopf, Bernhard},
      journal={Intelligent Systems and their Applications, IEEE},
        volume={13},
	  number={4},
	    pages={18--28},
	      year={1998},
	        publisher={IEEE}
		}

@article{Dietterich1995,
  title={Solving multiclass learning problems via error-correcting output codes},
  author={Dietterich, Thomas G. and Bakiri, Ghulum},
  journal={Journal of artificial intelligence research},
  pages={263--286},
  year={1995}
}

@article{Chen2015,
  title={Deep Learning with Nonparametric Clustering},
  author={Chen, Gang},
  journal={arXiv preprint arXiv:1501.03084},
  year={2015}
}

@article{Miller1995,
  title={WordNet: a lexical database for English},
  author={Miller, George A},
  journal={Communications of the ACM},
  volume={38},
  number={11},
  pages={39--41},
  year={1995},
  publisher={ACM}
}

@inproceedings{materna2012lda,
  title={Lda-frames: An unsupervised approach to generating semantic frames},
  author={Materna, Ji{\v{r}}{\'\i}},
  booktitle={International Conference on Intelligent Text Processing and Computational Linguistics},
  pages={376--387},
  year={2012},
  organization={Springer}
}

@article{liu2011plda+,
  title={Plda+: Parallel latent dirichlet allocation with data placement and pipeline processing},
  author={Liu, Zhiyuan and Zhang, Yuzhou and Chang, Edward Y and Sun, Maosong},
  journal={ACM Transactions on Intelligent Systems and Technology (TIST)},
  volume={2},
  number={3},
  pages={26},
  year={2011},
  publisher={ACM}
}

@inproceedings{rehurek_lrec,
      title = {{Software Framework for Topic Modelling with Large Corpora}},
      author = {Radim {\v R}eh{\r u}{\v r}ek and Petr Sojka},
      booktitle = {{Proceedings of the LREC 2010 Workshop on New
           Challenges for NLP Frameworks}},
      pages = {45--50},
      year = 2010,
      month = May,
      day = 22,
      publisher = {ELRA},
      address = {Valletta, Malta},
      note={\url{http://is.muni.cz/publication/884893/en}},
      language={English}
}

@article{Lloyd1982,
  title={Least squares quantization in PCM},
  author={Lloyd, Stuart P},
  journal={Information Theory, IEEE Transactions on},
  volume={28},
  number={2},
  pages={129--137},
  year={1982},
  publisher={IEEE}
}

@inproceedings{Goyal2014,
  title={Unsupervised Word Sense Induction using Distributional Statistics.},
  author={Goyal, Kartik and Hovy, Eduard H},
  booktitle={COLING},
  pages={1302--1310},
  year={2014}
}

@inproceedings{wu2015can,
  title={Can Selectional Preferences Help Automatic Semantic Role Labeling?},
  author={Wu, Shumin and Palmer, Martha},
  booktitle={* SEM@ NAACL-HLT},
  pages={222--227},
  year={2015}
}
@inproceedings{chen2014unified,
  title={A Unified Model for Word Sense Representation and Disambiguation.},
  author={Chen, Xinxiong and Liu, Zhiyuan and Sun, Maosong},
  booktitle={EMNLP},
  pages={1025--1035},
  year={2014}
}
@article{neelakantan2015efficient,
  title={Efficient non-parametric estimation of multiple embeddings per word in vector space},
  author={Neelakantan, Arvind and Shankar, Jeevan and Passos, Alexandre and McCallum, Andrew},
  journal={arXiv preprint arXiv:1504.06654},
  year={2015}
}
@article{sense2vec,
  title={sense2vec-A fast and accurate method for word sense disambiguation in neural word embeddings},
  author={Trask, Andrew and Michalak, Phil and Liu, John},
  journal={arXiv preprint arXiv:1511.06388},
  year={2015}
}

@inproceedings{levy2014neural,
  title={Neural word embedding as implicit matrix factorization},
  author={Levy, Omer and Goldberg, Yoav},
  booktitle={Advances in neural information processing systems},
  pages={2177--2185},
  year={2014}
}
@article{palmer2010semantic,
  title={Semantic role labeling},
  author={Palmer, Martha and Gildea, Daniel and Xue, Nianwen},
  journal={Synthesis Lectures on Human Language Technologies},
  volume={3},
  number={1},
  pages={1--103},
  year={2010},
  publisher={Morgan \& Claypool Publishers}
}
@inproceedings{giuglea2006semantic,
  title={Semantic role labeling via framenet, verbnet and propbank},
  author={Giuglea, Ana-Maria and Moschitti, Alessandro},
  booktitle={Proceedings of the 21st International Conference on Computational Linguistics and the 44th annual meeting of the Association for Computational Linguistics},
  pages={929--936},
  year={2006},
  organization={Association for Computational Linguistics}
}

@article{dna2vec,
  title={dna2vec: Consistent vector representations of variable-length k-mers},
  author={Ng, Patrick},
  journal={arXiv preprint arXiv:1701.06279},
  year={2017}
}

@inproceedings{node2vec,
  title={node2vec: Scalable feature learning for networks},
  author={Grover, Aditya and Leskovec, Jure},
  booktitle={Proceedings of the 22nd ACM SIGKDD international conference on Knowledge discovery and data mining},
  pages={855--864},
  year={2016},
  organization={ACM}
}

@inproceedings{Levy2014,
  title={Dependency-Based Word Embeddings.},
  author={Levy, Omer and Goldberg, Yoav},
  booktitle={ACL (2)},
  pages={302--308},
  year={2014}
}

@inproceedings{Mikolov2013,
  title={Linguistic Regularities in Continuous Space Word Representations.},
  author={Mikolov, Tomas and Yih, Wen-tau and Zweig, Geoffrey},
  booktitle={HLT-NAACL},
  pages={746--751},
  year={2013}
}

@inproceedings{pennington2014glove,
  title={Glove: Global Vectors for Word Representation.},
  author={Pennington, Jeffrey and Socher, Richard and Manning, Christopher D},
  booktitle={EMNLP},
  volume={14},
  pages={1532--1543},
  year={2014}
}

@article{Blei2003,
  title={Latent {Dirichlet} allocation},
  author={Blei, David M. and Ng, Andrew Y. and Jordan, Michael I.},
  journal={the Journal of Machine Learning Research},
  volume={3},
  pages={993--1022},
  year={2003}
}

@misc{peterson,
  author= {Anonymous},
  title={Leveraging VerbNet to build Corpus-Specific Verb Clusters},
  year={2016},
  note={Under review}
}
@misc{gigaword,
author = {Parker, R. and Graff, D. and Kong, J. and Chen, K. and Maeda, K.},
title = {English Gigaword Fifth Edition LDC2011T07},
publisher = {Linguistic Data Consortium},
year = {2011},
format = {DVD},
}


@article{Firth1957,
  abstract = {Reprinted in:  Palmer, F. R. (ed.) (1968). Selected Papers of J. R. Firth 1952-59, pages 168-205. Longmans, London. },
  added-at = {2007-10-31T21:25:02.000+0100},
  address = {Oxford},
  author = {Firth, J. R.},
  biburl = {https://www.bibsonomy.org/bibtex/25e3d6c72cdd123a638f71886d78f3c1e/stumme},
  booktitle = {Studies in Linguistic Analysis (special volume of the Philological Society)},
  interhash = {b4f769667fdd195b4a75f61f6388a52e},
  intrahash = {5e3d6c72cdd123a638f71886d78f3c1e},
  keywords = {distributional measure measures relatedness similarity theory},
  pages = {1-32},
  publisher = {The Philological Society},
  timestamp = {2007-10-31T21:25:02.000+0100},
  title = {A synopsis of linguistic theory 1930-55.},
  volume = {1952-59},
  year = 1957
}

