@inproceedings{sperber17emnlp,
    title = {Neural Lattice-to-Sequence Models for Uncertain Inputs},
    author = {Matthias Sperber and Graham Neubig and Jan Niehues and Alex Waibel},
    booktitle = acl,
    year = {2017}
}

@article{ChoMGBSB14,
	author    = {Kyunghyun Cho and
	Bart van Merrienboer and
	{\c{C}}aglar G{\"{u}}l{\c{c}}ehre and
	Fethi Bougares and
	Holger Schwenk and
	Yoshua Bengio},
	title     = {Learning Phrase Representations using {RNN} Encoder-Decoder for Statistical
	Machine Translation},
	journal   = {CoRR},
	volume    = {abs/1406.1078},
	year      = {2014},
	url       = {http://arxiv.org/abs/1406.1078},
	archivePrefix = {arXiv},
	eprint    = {1406.1078},
	timestamp = {Wed, 07 Jun 2017 14:43:08 +0200},
	biburl    = {https://dblp.org/rec/bib/journals/corr/ChoMGBSB14},
	bibsource = {dblp computer science bibliography, https://dblp.org}
}

@inproceedings{su2017lattice,
	title={Lattice-Based Recurrent Neural Network Encoders for Neural Machine Translation.},
	author={Su, Jinsong and Tan, Zhixing and Xiong, Deyi and Ji, Rongrong and Shi, Xiaodong and Liu, Yang},
	booktitle = aaai,
	year={2017}
}

@techreport{dyer2008generalizing,
	title={Generalizing word lattice translation},
	author={Dyer, Christopher and Muresan, Smaranda and Resnik, Philip},
	booktitle = acl,	
	year={2008}
}

@inproceedings{joshi2017triviaqa,
	title={Trivia{QA}: A large scale distantly supervised challenge dataset for reading comprehension},
	author={Joshi, Mandar and Choi, Eunsol and Weld, Daniel S and Zettlemoyer, Luke},
	booktitle=acl,
	year={2017}
}

@article{yamada2018QB,
	author    = {Ikuya Yamada and
	Ryuji Tamaki and
	Hiroyuki Shindo and
	Yoshiyasu Takefuji},
	title     = {Studio Ousia's Quiz Bowl Question Answering System},
	journal   = {CoRR},
	volume    = {abs/1803.08652},
	year      = {2018},
	archivePrefix = {arXiv},
	eprint    = {1803.08652},
	timestamp = {Wed, 11 Apr 2018 11:12:46 +0200},
	biburl    = {https://dblp.org/rec/bib/journals/corr/abs-1803-08652},
	bibsource = {dblp computer science bibliography, https://dblp.org}
}

@INPROCEEDINGS{Povey11thekaldi,
	author = {Daniel Povey and Arnab Ghoshal and Gilles Boulianne and Nagendra Goel and Mirko Hannemann and Yanmin Qian and Petr Schwarz and Georg Stemmer},
	title = {The Kaldi Speech Recognition Toolkit},
	booktitle = {IEEE},
	year = {2011}
}

@inproceedings{Ferrucci10watson,
	author    = {David A. Ferrucci},
	title     = {Build Watson: an overview of DeepQA for the Jeopardy! challenge},
	booktitle = {19th International Conference on Parallel Architecture and Compilation
	Techniques, {PACT} 2010, Vienna, Austria, September 11-15, 2010},
	pages     = {1--2},
	year      = {2010},
	doi       = {10.1145/1854273.1854275},
	timestamp = {Sun, 30 Apr 2017 09:41:34 +0200},
	biburl    = {https://dblp.org/rec/bib/conf/IEEEpact/Ferrucci10},
	bibsource = {dblp computer science bibliography, https://dblp.org}
}

@inproceedings{Godfrey:1992,
	author = {Godfrey, John J. and Holliman, Edward C. and McDaniel, Jane},
	title = {SWITCHBOARD: Telephone Speech Corpus for Research and Development},
	booktitle = {Proceedings of the 1992 IEEE International Conference on Acoustics, Speech and Signal Processing - Volume 1},
	series = {ICASSP'92},
	year = {1992},
	isbn = {0-7803-0532-9},
	location = {San Francisco, California},
	pages = {517--520},
	numpages = {4},
	url = {http://dl.acm.org/citation.cfm?id=1895550.1895693},
	acmid = {1895693},
	publisher = {IEEE Computer Society},
	address = {Washington, DC, USA},
} 

@inproceedings{wang2016inner,
	title={Inner attention based recurrent neural networks for answer selection},
	author={Wang, Bingning and Liu, Kang and Zhao, Jun},
	booktitle=acl,
	volume={1},
	pages={1288--1297},
	year={2016}
}

@inproceedings{sachan2016easy,
	title={Easy questions first? a case study on curriculum learning for question answering},
	author={Sachan, Mrinmaya and Xing, Eric},
	booktitle=acl,
	volume={1},
	pages={453--463},
	year={2016}
}

@inproceedings{yavuz2017recovering,
	title={Recovering Question Answering Errors via Query Revision},
	author={Yavuz, Semih and Gur, Izzeddin and Su, Yu and Yan, Xifeng},
	booktitle=emnlp,
	pages={903--909},
	year={2017}
}

@inproceedings{ture2017no,
	title={No Need to Pay Attention: Simple Recurrent Neural Networks Work!},
	author={Ture, Ferhan and Jojic, Oliver},
	booktitle=emnlp,
	pages={2866--2872},
	year={2017}
}

@inproceedings{tan2016improved,
	title={Improved Representation Learning for Question Answer Matching},
	author={Tan, Ming and dos Santos, Cicero and Xiang, Bing and Zhou, Bowen},
	booktitle=acl,
	volume={1},
	pages={464--473},
	year={2016}
}

@inproceedings{sakaguchi2017error,
	title={Error-repair Dependency Parsing for Ungrammatical Texts},
	author={Sakaguchi, Keisuke and Post, Matt and Van Durme, Benjamin},
	booktitle=acl,
	volume={2},
	pages={189--195},
	year={2017}
}

@inproceedings{wang2017gated,
	title={Gated Self-Matching Networks for Reading Comprehension and Question Answering},
	author={Wang, Wenhui and Yang, Nan and Wei, Furu and Chang, Baobao and Zhou, Ming},
	booktitle=acl,
	volume={1},
	pages={189--198},
	year={2017}
}

@inproceedings{paszke2017automatic,
	title={Automatic differentiation in PyTorch},
	author={Paszke, Adam and Gross, Sam and Chintala, Soumith and Chanan, Gregory and Yang, Edward and DeVito, Zachary and Lin, Zeming and Desmaison, Alban and Antiga, Luca and Lerer, Adam},
	booktitle={NIPS-W},
	year={2017}
}

@article{casacuberta2004some,
	title={Some approaches to statistical and finite-state speech-to-speech translation},
	author={Casacuberta, Francisco and Ney, Hermann and Och, Franz Josef and Vidal, Enrique and Vilar, Juan Miguel and Barrachina, Sergio and Garc{\i}a-Varea, Ismael and Llorens, David and Mart{\i}nez, C{\'e}sar and Molau, Sirko and others},
	journal={Computer Speech \& Language},
	volume={18},
	number={1},
	pages={25--47},
	year={2004},
	publisher={Elsevier}
}

@inproceedings{ney1999speech,
	title={Speech translation: Coupling of recognition and translation},
	author={Ney, Hermann},
	booktitle={Acoustics, Speech, and Signal Processing, 1999. Proceedings., 1999 IEEE International Conference on},
	volume={1},
	pages={517--520},
	year={1999},
	organization={IEEE}
}

@article{hochreiter1997long,
	title={Long Short-Term Memory},
	author={Hochreiter, Sepp and Schmidhuber, J{\"u}rgen},
	journal={Neural computation},
	volume={9},
	number={8},
	pages={1735--1780},
	year={1997},
	publisher={MIT Press}
}

@article{blei2012probabilistic,
	title={Probabilistic Topic Models},
	author={Blei, David M},
	journal={Communications of the ACM},
	volume={55},
	number={4},
	pages={77--84},
	year={2012},
	publisher={ACM}
}

@article{maaten2008visualizing,
	title={Visualizing data using t-SNE},
	author={Maaten, Laurens van der and Hinton, Geoffrey},
	journal={Journal of machine learning research},
	volume={9},
	number={Nov},
	pages={2579--2605},
	year={2008}
}

@inproceedings{peddinti2015jhu,
	title={JHU aspire System: Robust lvcsr with tdnns, ivector adaptation and rnn-lms},
	author={Peddinti, Vijayaditya and Chen, Guoguo and Manohar, Vimal and Ko, Tom and Povey, Daniel and Khudanpur, Sanjeev},
	booktitle={Automatic Speech Recognition and Understanding (ASRU), 2015 IEEE Workshop on},
	pages={539--546},
	year={2015},
	organization={IEEE}
}

@inproceedings{mishra2010qme,
	title={Qme!: A Speech-Based Question-Answering System on Mobile Devices},
	author={Mishra, Taniya and Bangalore, Srinivas},
	booktitle={Human Language Technologies:},
	pages={55--63},
	year={2010},
}

@inproceedings{leuski2009building,
	title={Building Effective Question Answering Characters},
	author={Leuski, Anton and Patel, Ronakkumar and Traum, David and Kennedy, Brandon},
	booktitle={Proceedings of the 7th SIGdial Workshop on Discourse and Dialogue},
	pages={18--27},
	year={2009},
}

@inproceedings{misu2007speech,
	title={Speech-Based Interactive Information Guidance System Using Question-Answering Technique},
	author={Misu, Teruhisa and Kawahara, Tatsuya},
	booktitle={Acoustics, Speech and Signal Processing, 2007. ICASSP 2007. IEEE International Conference on},
	volume={4},
	pages={IV--145},
	year={2007},
	organization={IEEE}
}

@inproceedings{chappelier1999lattice,
	title={Lattice parsing for speech recognition},
	author={Chappelier, Jean-C{\'e}dric and Rajman, Martin and Arag{\"u}{\'e}s, Ram{\'o}n and Rozenknop, Antoine},
	booktitle={Traitement Automatique du Langage Naturel},
	pages={95--104},
	year={1999},
	organization={ATALA}
}

@inproceedings{henderson2014word,
	title={Word-based dialog state tracking with recurrent neural networks},
	author={Henderson, Matthew and Thomson, Blaise and Young, Steve},
	booktitle=sigdial,
	pages={292--299},
	year={2014}
}

@inproceedings{clark2017simple,
	title={Simple and Effective Multi-Paragraph Reading Comprehension},
	author={Clark, Christopher and Gardner, Matt},
	journal={arXiv preprint arXiv:1710.10723},
	booktitle=acl,
	year={2018}
}

@inproceedings{natarajan2013learning,
	title={Learning with Noisy Labels},
	author={Natarajan, Nagarajan and Dhillon, Inderjit S and Ravikumar, Pradeep K and Tewari, Ambuj},
	booktitle={Advances in Neural Information Processing Systems},
	pages={1196--1204},
	year={2013}
}

@article{liu2016classification,
	title={Classification with noisy labels by importance reweighting},
	author={Liu, Tongliang and Tao, Dacheng},
	journal={IEEE Transactions on pattern analysis and machine intelligence},
	volume={38},
	number={3},
	pages={447--461},
	year={2016},
	publisher={IEEE}
}

@article{DBLP:journals/corr/abs-1802-02607,
	author    = {Prashanth Gurunath Shivakumar and Haoqi Li and
	Kevin Knight and Panayiotis G. Georgiou},
	title     = {Learning from Past Mistakes: Improving Automatic Speech Recognition
	Output via Noisy-Clean Phrase Context Modeling},
	journal   = {CoRR},
	volume    = {abs/1802.02607},
	year      = {2018},
	url       = {http://arxiv.org/abs/1802.02607},
	archivePrefix = {arXiv},
	eprint    = {1802.02607},
	timestamp = {Mon, 13 Aug 2018 16:48:58 +0200},
	biburl    = {https://dblp.org/rec/bib/journals/corr/abs-1802-02607},
	bibsource = {dblp computer science bibliography, https://dblp.org}
}


@article{Dunn2017SearchQAAN,
	title={SearchQA: A New Q{\&}A Dataset Augmented with Context from a Search Engine},
	author={Matthew Dunn and Levent Sagun and Mike Higgins and V. Ugur G{\"u}ney and Volkan Cirik and Kyunghyun Cho},
	journal={CoRR},
	year={2017},
	volume={abs/1704.05179}
}

@inproceedings{Iyyer:Manjunatha:Boyd-Graber:Daume-III-2015,
	Year = {2015},
	Title = {Deep Unordered Composition Rivals Syntactic Methods for Text Classification},
	Author = {Mohit Iyyer and Varun Manjunatha and Jordan Boyd-Graber and Hal {Daum\'{e} III}},
	Location = {Beijing, China},
	Booktitle = acl,
}

@inbook{Boyd-Graber:Feng:Rodriguez-2018,
	Author = {Jordan Boyd-Graber and Shi Feng and Pedro Rodriguez},
	Publisher = {Springer Verlag},
	Year = {2018},
	Booktitle = {The NIPS '17 Competition: Building Intelligent Systems},
	Title = {Human-Computer Question Answering: The Case for Quizbowl},
	Editor = {Sergio Escalera and Markus Weimer},
}


@inproceedings{DBLP:conf/icml/IoffeS15,
	author    = {Sergey Ioffe and
	Christian Szegedy},
	title     = {Batch Normalization: Accelerating Deep Network Training by Reducing
	Internal Covariate Shift},
	booktitle = icml,
	pages     = {448--456},
	year      = {2015},
	url       = {http://jmlr.org/proceedings/papers/v37/ioffe15.html},
	timestamp = {Wed, 29 Mar 2017 16:45:25 +0200},
	biburl    = {https://dblp.org/rec/bib/conf/icml/IoffeS15},
	bibsource = {dblp computer science bibliography, https://dblp.org}
}
@article{Kingma2014AdamAM,
	title={Adam: A Method for Stochastic Optimization},
	author={Diederik P. Kingma and Jimmy Ba},
	journal={CoRR},
	year={2014},
	volume={abs/1412.6980}
}
@article{DBLP:journals/jmlr/SrivastavaHKSS14,
	author    = {Nitish Srivastava and
	Geoffrey E. Hinton and
	Alex Krizhevsky and
	Ilya Sutskever and
	Ruslan Salakhutdinov},
	title     = {Dropout: a Simple Way to Prevent Neural Networks from Overfitting},
	journal   = {Journal of Machine Learning Research},
	volume    = {15},
	number    = {1},
	pages     = {1929--1958},
	year      = {2014},
	url       = {http://dl.acm.org/citation.cfm?id=2670313},
	timestamp = {Sun, 05 Oct 2014 12:54:58 +0200},
	biburl    = {https://dblp.org/rec/bib/journals/jmlr/SrivastavaHKSS14},
	bibsource = {dblp computer science bibliography, https://dblp.org}
}

@inproceedings{cieri2004fisher,
	title={The Fisher Corpus: a Resource for the Next Generations of Speech-to-Text.},
	author={Cieri, Christopher and Miller, David and Walker, Kevin}
}

@inproceedings{xu2008fire,
	title={FIRE-2008 at Maryland: English-Hindi CLIR},
	author={Xu, Tan and Oard, Douglas W},
	booktitle={Working Notes of the Forum for Information Retrieval Evaluation (FIRE)},
	year={2008}
}

@article{robertson2009probabilistic,
	title={The Probabilistic Relevance Framework: BM25 and beyond},
	author={Robertson, Stephen and Zaragoza, Hugo and others},
	journal={Foundations and Trends{\textregistered} in Information Retrieval},
	volume={3},
	number={4},
	pages={333--389},
	year={2009},
	publisher={Now Publishers, Inc.}
}

@inproceedings{michel2018mtnt,
	title={MTNT: A Testbed for Machine Translation of Noisy Text},
	author={Michel, Paul and Neubig, Graham},
	booktitle=emnlp,
	year={2018}
}

@inproceedings{belinkov2017synthetic,
	title={Synthetic and Natural Noise Both Break Neural Machine Translation},
	author={Belinkov, Yonatan and Bisk, Yonatan},
	booktitle=iclr,
	year={2017}
}

@inproceedings{ramos2003using,
	title={Using tf-idf to determine word relevance in document queries},
	author={Ramos, Juan and others}
}

@inproceedings{papineni2002bleu,
	title={BLEU: a method for automatic evaluation of machine translation},
	author={Papineni, Kishore and Roukos, Salim and Ward, Todd and Zhu, Wei-Jing},
	booktitle=acl,
	pages={311--318},
	year={2002},
}

@inproceedings{boyd-graber-12,
	author    = {Jordan Boyd-Graber and Brianna Satinoff and He He and Hal
	Daume III},
	booktitle   = emnlp,
	year        = {2012},
	location    = {Jeju, South Korea},
	title        = {Besting the Quiz Master: Crowdsourcing Incremental
	Classification Games}
}

@inproceedings{levitan2018linguistic,
	title={Linguistic cues to deception and perceived deception in interview dialogues},
	author={Levitan, Sarah Ita and Maredia, Angel and Hirschberg, Julia},
	booktitle=emnlp,
	pages={1941--1950},
	year={2018}
}

@article{meibauer2018linguistics,
	title={The linguistics of lying},
	author={Meibauer, J{\"o}rg},
	journal={Annual Review of Linguistics},
	volume={4},
	pages={357--375},
	year={2018},
	publisher={Annual Reviews}
}

@article{toma2012lies,
	title={What lies beneath: The linguistic traces of deception in online dating profiles},
	author={Toma, Catalina L and Hancock, Jeffrey T},
	journal={Journal of Communication},
	volume={62},
	number={1},
	pages={78--97},
	year={2012},
	publisher={Oxford University Press}
}

@inproceedings{niculaelinguistic,
	title={Linguistic Harbingers of Betrayal: A Case Study on an Online Strategy Game},
	author={Niculae, Vlad and Kumar, Srijan and Boyd-Graber, Jordan and Danescu-Niculescu-Mizil, Cristian},
	booktitle=acl,
	year={2015}
}


