@article{hancock2007lying,
  title={On lying and being lied to: {A} linguistic analysis of deception in computer-mediated communication},
  author={Hancock, Jeffrey T. and Curry, Lauren E. and Goorha, Saurabh and Woodworth, Michael},
  journal={Discourse Processes},
  volume={45},
  number={1},
  pages={1--23},
  year={2007},
  publisher={Taylor \& Francis}
}

@inproceedings{Feng:2012,
  AUTHOR = {Feng, Song and Banerjee, Ritwik and Choi, Yejin},
  TITLE = {Syntactic Stylometry for Deception Detection},
  BOOKTITLE = {Proceedings of the Association for Computational Linguistics},
  YEAR = {2012}
}

@inproceedings{Ott:2011,
  AUTHOR = {Ott, Myle and Choi, Yejin and Cardie, Claire and Hancock, Jeffrey T.},
  TITLE = {Finding Deceptive Opinion Spam by Any Stretch of the Imagination},
  BOOKTITLE = {Proceedings of the Association for Computational Linguistics},
  YEAR = {2011} 
}


@inproceedings{Kittur:ProceedingsOfChi:2007,
	AUTHOR = {Kittur, Aniket and Suh, Bongwon and Pendleton, Bryan A. and Chi, Ed H.},
	TITLE = {{He says, she says: conflict and coordination in Wikipedia}},
	BOOKTITLE = chi,
	YEAR = {2007}
}


@inproceedings{Jung:2012:GHB:2207676.2208523,
	AUTHOR = {Jung, Malte and Chong, Jan and Leifer, Larry},
	TITLE = {{Group hedonic balance and pair programming performance: affective interaction dynamics as indicators of performance}},
	BOOKTITLE = chi,
	YEAR = {2012},
	URL = {http://doi.acm.org/10.1145/2207676.2208523}
}

@article{Gottman:JournalOfMarriageAndFamily:2000,
	author = {Gottman, John M. and Levenson, Robert W.},
	title_LEAVEOUT = {{The Timing of Divorce: Predicting When a Couple Will Divorce Over a 14-Year Period}},
	title = {{The timing of divorce: Predicting when a couple will divorce over
        a 14-year period}},
	journal = {Journal of Marriage and Family},
	year = {2000},
	volume = {62},
	number = {3},
	pages = {737--745}
}

@inproceedings{Ranganath:2009:YMD:1699510.1699554,
	AUTHOR = {Ranganath, Rajesh and Jurafsky, Dan and McFarland, Dan},
	TITLE = {{It's not you, it's me: {D}etecting flirting and its misperception in speed-dates}},
	BOOKTITLE = emnlp,
	YEAR = {2009},
	URL = {http://www.aclweb.org/anthology-new/D/D09/D09-1035.pdf}
}






@article{Ireland+al:2010a,
	author = {Ireland, Molly E. and Slatcher, Richard B. and Eastwick, Paul W. and Scissors, Lauren E. and Finkel, Eli J. and Pennebaker, James W.},
	title = {{Language style matching predicts relationship initiation and stability}},
	journal = {Psychological Science},
	year = {2011},
	volume = {22},
	number = {1},
	pages = {39--44},
	url = {http://pss.sagepub.com/content/22/1/39.full}
}
@article{Slatcher01082006,
	author = {Slatcher, Richard B. and Pennebaker, James W.},
	title = {How Do {I} Love Thee? {Let} Me Count the Words: {The} Social Effects of Expressive Writing},
	journal = {Psychological Science},
	year = {2006},
	volume = {17},
	number = {8},
	pages = {660--664},
	url = {http://pss.sagepub.com/cgi/content/abstract/17/8/660}
}

@book{sharp1978game,
	author = {Sharp, Richard},
	title = {The Game of Diplomacy},
	year = {1978},
	publisher = {Arthur Barker Publishing}
}

@inproceedings{socher2013recursive,
    author = {Socher, Richard and Perelygin, Alex and Wu, Jean Y and Chuang, Jason and Manning, Christopher D and Ng, Andrew Y and Potts, Christopher},
    title = {{Recursive deep models for semantic compositionality over a sentiment treebank}},
    booktitle = emnlp,
    year = {2013}
}

@inproceedings{danescucomputational,
    author = {Danescu-Niculescu-Mizil, Cristian and Sudhof, Moritz and Jurafsky, Dan and Leskovec, Jure and Potts, Christopher},
    title = {{A computational approach to politeness with application to social factors}},
    booktitle = acl,
    year = {2013}
}

@inproceedings{riloff2003learning,
    author = {Riloff, Ellen and Wiebe, Janyce},
    title = {{Learning extraction patterns for subjective expressions}},
    booktitle = emnlp,
    year = {2003}
}

@inproceedings{prasad2008penn,
    author = {Prasad, Rashmi and Dinesh, Nikhil and Lee, Alan and Miltsakaki, Eleni and Robaldo, Livio and Joshi, Aravind K. and Webber, Bonnie L.},
    title = {{The Penn Discourse TreeBank 2.0}},
    booktitle = lrec,
    year = {2008}
}

@inproceedings{stab2014identifying,
    author = {Stab, Christian and Gurevych, Iryna},
    title = {{Identifying argumentative discourse structures in persuasive essays}},
    booktitle = emnlp,
    year = {2014}
}

@article{Curhan:JournalOfAppliedPsychology:2007,
    author = {Curhan, Jared R and Pentland, Alex},
    title = {{Thin slices of negotiation: predicting outcomes from conversational dynamics within the first 5 minutes}},
    journal = {Journal of Applied Psychology},
    year = {2007},
    volume = {92},
    number = {3},
    pages = {802--811},
    url = {http://web.mit.edu/curhan/www/docs/Publications/Curhan_Thin_Slices_of_Negotiation.pdf}
}
@inproceedings{Wang:ProceedingsOfTheAcl:,
    AUTHOR = {Wang, Lu and Cardie, Claire},
    TITLE = {A Piece of My Mind: {A} Sentiment Analysis Approach for Online Dispute Detection},
    BOOKTITLE = acl,
    URL = {http://anthology.aclweb.org/P/P14/P14-2113.pdf},
    year={2014},
}

@article{gregoire2008customer,
  title={Customer betrayal and retaliation: when your best customers become your worst enemies},
  author={Gr{\'e}goire, Yany and Fisher, Robert J},
  journal={Journal of the Academy of Marketing Science},
  volume={36},
  number={2},
  pages={247--261},
  year={2008},
  publisher={Springer}
}

@article{coussement2008integrating,
  title={Integrating the voice of customers through call center emails into a decision support system for churn prediction},
  author={Coussement, Kristof and Van den Poel, Dirk},
  journal={Information \& Management},
  volume={45},
  number={3},
  pages={164--174},
  year={2008},
  publisher={Elsevier}
}

@article{efron1979bootstrap,
  title={Bootstrap methods: another look at the jackknife},
  author={Efron, Bradley},
  journal={The annals of Statistics},
  pages={1--26},
  year={1979},
  publisher={JSTOR}
}
