@inproceedings{ott2019fairseq,
  title = {fairseq: A Fast, Extensible Toolkit for Sequence Modeling},
  author = {Myle Ott and Sergey Edunov and Alexei Baevski and Angela Fan and Sam Gross and Nathan Ng and David Grangier and Michael Auli},
  booktitle = {Proceedings of NAACL-HLT 2019: Demonstrations},
  year = {2019},
}

@inproceedings{sennrich-etal-2016-neural,
    title = "Neural Machine Translation of Rare Words with Subword Units",
    author = "Sennrich, Rico  and
      Haddow, Barry  and
      Birch, Alexandra",
    booktitle = acl,
    year = "2016"
}

@book{yang1983language,
  title="Langauge and Music/语言与音乐",
  author="Yinliu, Yang and Congyin, Sun and Junda, Wu",
  year="1983",
  publisher="People's Music Publishing House"
}

@book{bonds2010history,
  title="A history of music in Western culture: combined volume",
  author="Bonds, Mark Evan",
  year="2010",
  publisher="Pearson College Division"
}

@inproceedings{schellenberg2009singing,
  title={Singing in a tone language: Shona},
  author={Schellenberg, Murray},
  booktitle={Selected Proceedings of the 39th Annual Conference on African Linguistics},
  pages={137--144},
  year={2009},
  organization={Cascadilla Proceedings Project Somerville, MA}
}

@article{schneider1961tone,
  title={Tone and tune in West African music},
  author={Schneider, Marius},
  journal={Ethnomusicology},
  volume={5},
  number={3},
  pages={204--215},
  year={1961},
  publisher={JSTOR}
}

@book{yip2002tone,
  title={Tone},
  author={Yip, Moira},
  year={2002},
  publisher={Cambridge University Press}
}

@inproceedings{papineni2002bleu,
  title={Bleu: a method for automatic evaluation of machine translation},
  author={Papineni, Kishore and Roukos, Salim and Ward, Todd and Zhu, Wei-Jing},
  booktitle={Proceedings of the 40th annual meeting of the Association for Computational Linguistics},
  pages={311--318},
  year={2002}
}

@inproceedings{zhang2019bertscore,
  title={BERTScore: Evaluating Text Generation with BERT},
  author={Zhang, Tianyi and Kishore, Varsha and Wu, Felix and Weinberger, Kilian Q and Artzi, Yoav},
  booktitle={International Conference on Learning Representations},
  year={2019}
}

@article{patel2003empirical,
  title={An empirical comparison of rhythm in language and music},
  author={Patel, Aniruddh D and Daniele, Joseph R},
  journal={Cognition},
  volume={87},
  number={1},
  pages={B35--B45},
  year={2003},
  publisher={Elsevier}
}

@book{lerdahl1996generative,
  title={A Generative Theory of Tonal Music, reissue, with a new preface},
  author={Lerdahl, Fred and Jackendoff, Ray S},
  year={1996},
  publisher={MIT press}
}

@article{jusczyk1993pitch,
  title={Pitch and rhythmic patterns affecting infants' sensitivity to musical phrase structure.},
  author={Jusczyk, Peter W and Krumhansl, Carol L},
  journal={Journal of experimental psychology: Human perception and performance},
  volume={19},
  number={3},
  pages={627},
  year={1993},
  publisher={American Psychological Association}
}



@article{cui2020pitch,
  title={Pitch Declination and Final Lowering in Northeastern Mandarin},
  author={Cui, Ping and Kuang, Jianjing},
  year={2020},
  booktitle=InterSpeech,
}

@article{xu1997contextual,
  title={Contextual tonal variations in Mandarin},
  author={Xu, Yi},
  journal={Journal of phonetics},
  volume={25},
  number={1},
  pages={61--83},
  year={1997},
  publisher={Elsevier}
}

@article{pisk1966music,
  title={" Music Notation", by G. Read (Book Review)},
  author={Pisk, Paul A},
  journal={Notes},
  volume={22},
  number={3},
  pages={1023},
  year={1966},
  publisher={Music Library Association}
}

@article{bruce1993music,
  title={Music in Theory and Practice},
  author={Bruce, Benward and Marilyn, Saker},
  year={1993},
  publisher={Brown and Benchmark, Madison}
}

@inproceedings{li2020effect,
  title={Effect of vocal cord polyp on monophthongs with Mandarin tones},
  author={Li, Bin and Kong, Jiangping and Lo, Infat},
  booktitle={2020 13th International Congress on Image and Signal Processing, BioMedical Engineering and Informatics (CISP-BMEI)},
  pages={888--893},
  year={2020},
  organization={IEEE}
}

@inproceedings{ghazvininejad-etal-2018-neural,
    title = "Neural Poetry Translation",
    author = "Ghazvininejad, Marjan  and
      Choi, Yejin  and
      Knight, Kevin",
    booktitle = naacl,
    year = "2018"
}

@article{sutskever2014sequence,
  title={Sequence to Sequence Learning with Neural Networks},
  author={Sutskever, Ilya and Vinyals, Oriol and Le, Quoc V},
  journal={Advances in Neural Information Processing Systems},
  volume={27},
  pages={3104--3112},
  year={2014}
}

@article{bentivogli2018neural,
  title={Neural versus phrase-based mt quality: An in-depth analysis on english--german and english--french},
  author={Bentivogli, Luisa and Bisazza, Arianna and Cettolo, Mauro and Federico, Marcello},
  journal={Computer Speech \& Language},
  volume={49},
  pages={52--70},
  year={2018},
  publisher={Elsevier}
}


@inproceedings{shang2015neural,
  title={Neural Responding Machine for Short-Text Conversation},
  author={Shang, Lifeng and Lu, Zhengdong and Li, Hang},
  booktitle={ACL},
  year={2015}
}

@inproceedings{bao2019neural,
  title={Neural melody composition from lyrics},
  author={Bao, Hangbo and Huang, Shaohan and Wei, Furu and Cui, Lei and Wu, Yu and Tan, Chuanqi and Piao, Songhao and Zhou, Ming},
  booktitle={CCF International Conference on Natural Language Processing and Chinese Computing},
  pages={499--511},
  year={2019},
  organization={Springer}
}

@inproceedings{sheng2020songmass,
  title={SongMASS: Automatic Song Writing with Pre-training and Alignment Constraint},
  author={Sheng, Zhonghao and Song, Kaitao and Tan, Xu and Ren, Yi and Ye, Wei and Zhang, Shikun and Qin, Tao},
  booktitle=acl,
  year={2021}
}

@inproceedings{malmi2016dopelearning,
  title={Dopelearning: A computational approach to rap lyrics generation},
  author={Malmi, Eric and Takala, Pyry and Toivonen, Hannu and Raiko, Tapani and Gionis, Aristides},
  booktitle={Proceedings of the 22nd ACM SIGKDD International Conference on Knowledge Discovery and Data Mining},
  pages={195--204},
  year={2016}
}

@inproceedings{watanabe2018melody,
  title={A melody-conditioned lyrics language model},
  author={Watanabe, Kento and Matsubayashi, Yuichiroh and Fukayama, Satoru and Goto, Masataka and Inui, Kentaro and Nakano, Tomoyasu},
  booktitle={Proceedings of the 2018 Conference of the North American Chapter of the Association for Computational Linguistics: Human Language Technologies, Volume 1 (Long Papers)},
  pages={163--172},
  year={2018}
}

@inproceedings{lu2019syllable,
  title={A syllable-structured, contextually-based conditionally generation of chinese lyrics},
  author={Lu, Xu and Wang, Jie and Zhuang, Bojin and Wang, Shaojun and Xiao, Jing},
  booktitle={Pacific Rim International Conference on Artificial Intelligence},
  pages={257--265},
  year={2019},
  organization={Springer}
}

@inproceedings{lee2019icomposer,
  title={icomposer: An automatic songwriting system for chinese popular music},
  author={Lee, Hsin-Pei and Fang, Jhih-Sheng and Ma, Wei-Yun},
  booktitle={Proceedings of the 2019 Conference of the North American Chapter of the Association for Computational Linguistics (Demonstrations)},
  pages={84--88},
  year={2019}
}

@inproceedings{rush2015neural,
  title={A Neural Attention Model for Abstractive Sentence Summarization},
  author={Rush, Alexander M and Chopra, Sumit and Weston, Jason},
  booktitle={EMNLP},
  year={2015}
}

@inproceedings{ren2020simulspeech,
  title={SimulSpeech: End-to-end simultaneous speech to text translation},
  author={Ren, Yi and Liu, Jinglin and Tan, Xu and Zhang, Chen and Tao, QIN and Zhao, Zhou and Liu, Tie-Yan},
  booktitle={Proceedings of the 58th Annual Meeting of the Association for Computational Linguistics},
  pages={3787--3796},
  year={2020}
}

@inproceedings{zhang2020uwspeech,
  title={UWSpeech: Speech to Speech Translation for Unwritten Languages},
  author={Zhang, Chen and Tan, Xu and Ren, Yi and Qin, Tao and Zhang, Kejun and Liu, Tie-Yan},
  booktitle=aaai,
  year={2020}
}

@inproceedings{laubli2018has,
  title={Has Machine Translation Achieved Human Parity? A Case for Document-level Evaluation},
  author={L{\"a}ubli, Samuel and Sennrich, Rico and Volk, Martin},
  booktitle={EMNLP},
  year={2018}
}

@inproceedings{hu-etal-2019-improved,
    title = "Improved Lexically Constrained Decoding for Translation and Monolingual Rewriting",
    author = "Hu, J. Edward  and
      Khayrallah, Huda  and
      Culkin, Ryan  and
      Xia, Patrick  and
      Chen, Tongfei  and
      Post, Matt  and
      Van Durme, Benjamin",
    booktitle = naacl,
    year = "2019"
}

@inproceedings{hokamp-liu-2017-lexically,
    title = "Lexically Constrained Decoding for Sequence Generation Using Grid Beam Search",
    author = "Hokamp, Chris  and
      Liu, Qun",
    booktitle = acl,
    year = "2017"
}

@inproceedings{post-vilar-2018-fast,
    title = "Fast Lexically Constrained Decoding with Dynamic Beam Allocation for Neural Machine Translation",
    author = "Post, Matt  and
      Vilar, David",
    booktitle = naacl,
    year = "2018"
}

@inproceedings{vaswani2017attention,
  title="Attention is All you Need",
  author="Vaswani, Ashish and Shazeer, Noam and Parmar, Niki and Uszkoreit, Jakob and Jones, Llion and Gomez, Aidan N and Kaiser, Lukasz and Polosukhin, Illia",
  booktitle=nips,
  year="2017"
}

@article{zou2021controllable,
  title={Controllable Generation from Pre-trained Language Models via Inverse Prompting},
  author={Zou, Xu and Yin, Da and Zhong, Qingyang and Yang, Hongxia and Yang, Zhilin and Tang, Jie},
  journal={arXiv preprint arXiv:2103.10685},
  year={2021}
}

@article{gu2019levenshtein,
  title={Levenshtein transformer},
  author={Gu, Jiatao and Wang, Changhan and Zhao, Jake},
  journal={arXiv preprint arXiv:1905.11006},
  year={2019}
}

@inproceedings{susanto2020lexically,
  title={Lexically Constrained Neural Machine Translation with Levenshtein Transformer},
  author={Susanto, Raymond Hendy and Chollampatt, Shamil and Tan, Liling},
  booktitle={Proceedings of the 58th Annual Meeting of the Association for Computational Linguistics},
  pages={3536--3543},
  year={2020}
}

@inproceedings{niehues2020machine,
  title={Machine Translation with Unsupervised Length-Constraints},
  author={Niehues, Jan},
  booktitle={Proceedings of the 14th Conference of the Association for Machine Translation in the Americas (AMTA 2020)},
  pages={21--35},
  year={2020}
}

@inproceedings{lakew2019controlling,
  title={Controlling the Output Length of Neural Machine Translation},
  author={Lakew, Surafel Melaku and Di Gangi, Mattia Antonino and Federico, Marcello},
  booktitle={16th International Workshop on Spoken Language Translation},
  year={2019}
}

@inproceedings{stern2019insertion,
  title={Insertion transformer: Flexible sequence generation via insertion operations},
  author={Stern, Mitchell and Chan, William and Kiros, Jamie and Uszkoreit, Jakob},
  booktitle={International Conference on Machine Learning},
  pages={5976--5985},
  year={2019},
  organization={PMLR}
}

@book{low2016translating,
  title={Translating song: Lyrics and texts},
  author={Low, Peter},
  year={2016},
  publisher={Taylor \& Francis}
}

@article{low2003singable,
  title={Singable translations of songs},
  author={Low, Peter},
  journal={Perspectives: Studies in Translatology},
  volume={11},
  number={2},
  pages={87--103},
  year={2003},
  publisher={Taylor \& Francis}
}

@article{franzon2008songchoices,
  title="Choices in song translation: Singability in print, subtitles and sung performance",
  author="Franzon, Johan",
  journal="The Translator",
  volume="14",
  number="2",
  pages="373--399",
  year="2008",
  publisher="Taylor \& Francis"
}

@phdthesis{schellenberg2013realization,
  title={The realization of tone in singing in Cantonese and Mandarin},
  author={Schellenberg, Murray Henry},
  year={2013},
  school={University of British Columbia}
}

@mastersthesis{hu2017sungwords,
  title={Lexical tones in Mandarin sung words: A Phonetic and Psycholiguistic investigation},
  author={Hu, Fangzhou},
  year={2017},
  school={Shanghai International Studies University}
}

@article{lau2010tone,
  title={Tone-melody relationship in Cantonese},
  author={Lau, Elaine},
  year={2010},
  publisher={University of Hawai'i at M{\=a}noa Department of Linguistics}
}

@article{wee2007unraveling,
  title={Unraveling the relation between Mandarin tones and musical melody},
  author={Wee, Lian Hee},
  journal={Journal of Chinese Linguistics},
  volume={35},
  number={1},
  pages={128},
  year={2007}
}

@article{rec1994p,
  title={P. 85. a method for subjective performance assessment of the quality of speech voice output devices},
  author={Rec, ITUT},
  journal={International Telecommunication Union, Geneva},
  year={1994}
}

@inproceedings{li2020rigid,
  title="Rigid Formats Controlled Text Generation",
  author="Li, Piji and Zhang, Haisong and Liu, Xiaojiang and Shi, Shuming",
  booktitle=acl,
  pages="742--751",
  year="2020"
}

@book{sutton1998reinforcement,
	title="Reinforcement learning: An introduction",
	author="Sutton, Richard S and Barto, Andrew G",
	volume="1",
	number="1",
	year="1998",
	publisher="MIT press Cambridge"
}

@article{liu2019roberta,
  title="Roberta: A robustly optimized bert pretraining approach",
  author="Liu, Yinhan and Ott, Myle and Goyal, Naman and Du, Jingfei and Joshi, Mandar and Chen, Danqi and Levy, Omer and Lewis, Mike and Zettlemoyer, Luke and Stoyanov, Veselin",
  journal="arXiv preprint arXiv:1907.11692",
  year="2019"
}

@article{kingma2014adam,
  title="Adam: A method for stochastic optimization",
  author="Kingma, Diederik P and Ba, Jimmy",
  journal="arXiv preprint arXiv:1412.6980",
  year="2014"
}

@inproceedings{dai-etal-2019-transformer,
    title = "Transformer-{XL}: Attentive Language Models beyond a Fixed-Length Context",
    author = "Dai, Zihang  and
      Yang, Zhilin  and
      Yang, Yiming  and
      Carbonell, Jaime  and
      Le, Quoc  and
      Salakhutdinov, Ruslan",
    booktitle = acl,
    year = "2019"
}

@inproceedings{lewis-etal-2020-bart,
    title = "{BART}: Denoising Sequence-to-Sequence Pre-training for Natural Language Generation, Translation, and Comprehension",
    author = "Lewis, Mike  and
      Liu, Yinhan  and
      Goyal, Naman  and
      Ghazvininejad, Marjan  and
      Mohamed, Abdelrahman  and
      Levy, Omer  and
      Stoyanov, Veselin  and
      Zettlemoyer, Luke",
    booktitle = acl,
    year = "2020"
}
@inproceedings{rajpurkar-etal-2016-squad,
    title = "{SQ}u{AD}: 100,000+ Questions for Machine Comprehension of Text",
    author = "Rajpurkar, Pranav  and
      Zhang, Jian  and
      Lopyrev, Konstantin  and
      Liang, Percy",
    booktitle = emnlp,
    year = "2016"
}

@article{liu2020multilingual,
  title="Multilingual denoising pre-training for neural machine translation",
  author="Liu, Yinhan and Gu, Jiatao and Goyal, Naman and Li, Xian and Edunov, Sergey and Ghazvininejad, Marjan and Lewis, Mike and Zettlemoyer, Luke",
  journal="arXiv preprint arXiv:2001.08210",
  year="2020"
}

@article{lample2019cross,
  title="Cross-lingual language model pretraining",
  author="Lample, Guillaume and Conneau, Alexis",
  booktitle=nips,
  year="2019"
}

@article{huang2019unicoder,
  title="Unicoder: A universal language encoder by pre-training with multiple cross-lingual tasks",
  author="Huang, Haoyang and Liang, Yaobo and Duan, Nan and Gong, Ming and Shou, Linjun and Jiang, Daxin and Zhou, Ming",
  booktitle=emnlp,
  year="2019"
}

@article{wu2019beto,
  title="Beto, bentz, becas: The surprising cross-lingual effectiveness of bert",
  author="Wu, Shijie and Dredze, Mark",
  booktitle=emnlp,
  year="2019"
}


@article{conneau2019unsupervised,
  title="Unsupervised cross-lingual representation learning at scale",
  author="Conneau, Alexis and Khandelwal, Kartikay and Goyal, Naman and Chaudhary, Vishrav and Wenzek, Guillaume and Guzm{\'a}n, Francisco and Grave, Edouard and Ott, Myle and Zettlemoyer, Luke and Stoyanov, Veselin",
  journal="arXiv preprint arXiv:1911.02116",
  year="2019"
}

@article{vu2020exploring,
  title="Exploring and predicting transferability across nlp tasks",
  author="Vu, Tu and Wang, Tong and Munkhdalai, Tsendsuren and Sordoni, Alessandro and Trischler, Adam and Mattarella-Micke, Andrew and Maji, Subhransu and Iyyer, Mohit",
  booktitle=emnlp,
  year="2020"
}

@article{lewis2019mlqa,
  title="MLQA: Evaluating cross-lingual extractive question answering",
  author="Lewis, Patrick and O{\u{g}}uz, Barlas and Rinott, Ruty and Riedel, Sebastian and Schwenk, Holger",
  booktitle=acl,
  year="2019"
}

@article{yan2020prophetnet,
  title="Prophetnet: Predicting future n-gram for sequence-to-sequence pre-training",
  author="Yan, Yu and Qi, Weizhen and Gong, Yeyun and Liu, Dayiheng and Duan, Nan and Chen, Jiusheng and Zhang, Ruofei and Zhou, Ming",
booktitle=emnlp,
  year="2020"
}

@article{chi2019cross,
  title="Cross-Lingual Natural Language Generation via Pre-Training",
  author="Chi, Zewen and Dong, Li and Wei, Furu and Wang, Wenhui and Mao, Xian-Ling and Huang, Heyan",
  booktitle=aaai,
  year="2020"
}

@inproceedings{gururangan-etal-2020-dont,
    title = "Don{'}t Stop Pretraining: Adapt Language Models to Domains and Tasks",
    author = "Gururangan, Suchin  and
      Marasovi{\'c}, Ana  and
      Swayamdipta, Swabha  and
      Lo, Kyle  and
      Beltagy, Iz  and
      Downey, Doug  and
      Smith, Noah A.",
    booktitle = acl,
    year = "2020"
}

@article{liang2020xglue,
  title={Xglue: A new benchmark dataset for cross-lingual pre-training, understanding and generation},
  author={Liang, Yaobo and Duan, Nan and Gong, Yeyun and Wu, Ning and Guo, Fenfei and Qi, Weizhen and Gong, Ming and Shou, Linjun and Jiang, Daxin and Cao, Guihong and others},
  journal={arXiv preprint arXiv:2004.01401},
  year={2020}
}

@incollection{mccloskey1989catastrophic,
  title={Catastrophic interference in connectionist networks: The sequential learning problem},
  author={McCloskey, Michael and Cohen, Neal J},
  booktitle={Psychology of learning and motivation},
  volume={24},
  pages={109--165},
  year={1989},
  publisher={Elsevier}
}

@inproceedings{diachronic2016,
	title = "Diachronic Word Embeddings Reveal Statistical Laws of Semantic Change",
	author = "Hamilton, William L.  and
	Leskovec, Jure  and
	Jurafsky, Dan",
	booktitle = acl,
	year = "2016"
}

@InProceedings{elmo,
	author = 	"Peters, Matthew
	and Neumann, Mark
	and Iyyer, Mohit
	and Gardner, Matt
	and Clark, Christopher
	and Lee, Kenton
	and Zettlemoyer, Luke",
	title = 	"Deep Contextualized Word Representations",
	booktitle = naacl,
	year = 	"2018"
}



@article{devlin2018bert,
	title="Bert: Pre-training of deep bidirectional transformers for language understanding",
	author="Devlin, Jacob and Chang, Ming-Wei and Lee, Kenton and Toutanova, Kristina",
	booktitle = naacl,
	year=“2019”
}

@article{pilehvar2018wic,
	title="WiC: 10,000 Example Pairs for Evaluating Context-Sensitive Representations",
	author="Pilehvar, Mohammad Taher and Camacho-Collados, Jose",
	journal="arXiv preprint arXiv:1808.09121",
	year="2018"
}

@InProceedings{autoE15,
	author = 	"Rothe, Sascha
	and Sch{\"u}tze, Hinrich",
	title = 	"AutoExtend: Extending Word Embeddings to Embeddings for Synsets and Lexemes",
	booktitle = acl,
	year = 	"2015"
}

@InProceedings{remb13,
	author = 	"Labutov, Igor
	and Lipson, Hod",
	title = 	"Re-embedding words",
	booktitle = 	acl,
	year = 	"2013"
}

@InProceedings{sw2v,
	author = 	"Mancini, Massimiliano
	and Camacho-Collados, Jose
	and Iacobacci, Ignacio
	and Navigli, Roberto",
	title = 	"Embedding Words and Senses Together via Joint Knowledge-Enhanced Training",
	booktitle = 	conll,
	year = 	"2017",
}



@Article{autoE17,
	author = 	"Rothe, Sascha
	and Sch{\"u}tze, Hinrich",
	title = 	"AutoExtend: Combining Word Embeddings with Semantic Resources",
	journal = 	"Computational Linguistics",
	year = 	"2017",
	volume = 	"43",
	number = 	"3",
}



@article{bruni2014multimodal,
	title="Multimodal distributional semantics",
	author="Bruni, Elia and Tran, Nam-Khanh and Baroni, Marco",
	journal="Journal of Artificial Intelligence Research",
	volume="49",
	year="2014"
}

@InProceedings{w2g17,
	author = 	"Athiwaratkun, Ben
	and Wilson, Andrew",
	title = 	"Multimodal Word Distributions",
	booktitle = acl,
	year = 	"2017"
}

@InProceedings{mswe17,
	author = 	"Nguyen, Dai Quoc
	and Nguyen, Dat Quoc
	and Modi, Ashutosh
	and Thater, Stefan
	and Pinkal, Manfred",
	title = 	"A Mixture Model for Learning Multi-Sense Word Embeddings",
	booktitle = "Proceedings of the 6th Joint Conference on Lexical and Computational Semantics",
	year = 	"2017"
}

@InProceedings{schnabel15eval,
	author = 	"Schnabel, Tobias
	and Labutov, Igor
	and Mimno, David
	and Joachims, Thorsten",
	title = 	"Evaluation methods for unsupervised word embeddings",
	booktitle = 	"Proceedings of the 2015 Conference on Empirical Methods in Natural      Language Processing    ",
	year = 	"2015",
	publisher = 	"Association for Computational Linguistics",
	pages = 	"298--307",
	location = 	"Lisbon, Portugal",
	doi = 	"10.18653/v1/D15-1036",
	url = 	"http://www.aclweb.org/anthology/D15-1036"
}


@InProceedings{WG2017,
	author = 	"Athiwaratkun, Ben
	and Wilson, Andrew",
	title = 	"Multimodal Word Distributions",
	booktitle = acl,
	year = 	"2017"
}

@InProceedings{faruqui16-ws,
	author = 	"Faruqui, Manaal
	and Tsvetkov, Yulia
	and Rastogi, Pushpendre
	and Dyer, Chris",
	title = 	"Problems With Evaluation of Word Embeddings Using Word Similarity Tasks",
	booktitle = acl,
	year = 	"2016"
}

@InProceedings{gladkova16-ws,
	author = 	"Gladkova, Anna
	and Drozd, Aleksandr",
	title = 	"Intrinsic Evaluations of Word Embeddings: What Can We Do Better?",
	booktitle = 	"RepEval@ACL",
	year = 	"2016"

}




@InProceedings{fastPG18,
	author = 	"Athiwaratkun, Ben
	and Wilson, Andrew
	and Anandkumar, Anima",
	title = 	"Probabilistic FastText for Multi-Sense Word Embeddings",
	booktitle = emnlp,
	year = 	"2018"
}


@InProceedings{makesense,
	author = 	"Pelevina, Maria
	and Arefiev, Nikolay
	and Biemann, Chris
	and Panchenko, Alexander",
	title = 	"Making Sense of Word Embeddings",
	booktitle = 	"Proceedings of the 1st Workshop on Representation Learning for NLP",
	year = 	"2016"
}


@article{maaten2008visualizing,
	title="Visualizing data using t-SNE",
	author="Maaten, Laurens van der and Hinton, Geoffrey",
	journal="Journal of Machine Learning Research",
	volume="9",
	number="Nov",
	year="2008"
}

@article{xu2009methods,
	title="Methods for building sense inventories of abbreviations in clinical notes",
	author="Xu, Hua and Stetson, Peter D and Friedman, Carol",
	journal="Journal of the American Medical Informatics Association",
	volume="16",
	number="1",
	year="2009"
}

@inproceedings{brody2009bayesian,
	title="Bayesian word sense induction",
	author="Brody, Samuel and Lapata, Mirella",
	booktitle=eacl,
	year="2009"
}


@inproceedings{purandare2004word,
	title="Word sense discrimination by clustering contexts in vector and similarity spaces",
	author="Purandare, Amruta and Pedersen, Ted",
	booktitle=conll,
	year="2004"
}


@article{camacho2016nasari,
	title="Nasari: Integrating explicit knowledge and corpus statistics for a multilingual representation of concepts and entities",
	author="Camacho-Collados, Jos{\'e} and Pilehvar, Mohammad Taher and Navigli, Roberto",
	journal="Artificial Intelligence",
	volume="240",
	year="2016",
}

@InProceedings{pilehvar2016,
	author = 	"Pilehvar, Mohammad Taher and Collier, Nigel",
	title = 	"De-Conflated Semantic Representations",
	booktitle = emnlp,
	year = 	"2016"
}


@article{kao2016,
	title="A computational model of linguistic humor in puns",
	author="Kao, Justine T and Levy, Roger and Goodman, Noah D",
	journal="Cognitive science",
	volume="40",
	number="5",
	year="2016"
}

@article{schutze1998automatic,
	title="Automatic word sense discrimination",
	author="Sch{\"u}tze, Hinrich",
	journal="Computational linguistics",
	volume="24",
	number="1",
	year="1998"
}

@article{spearman1904proof,
	title="The proof and measurement of association between two things",
	author="Spearman, Charles",
	journal="The American journal of psychology",
	volume="15",
	year="1904"
}



@article{jose2018,
	title="From Word to Sense Embeddings: A Survey on Vector Representations of Meaning",
	author="Camacho-Collados, Jose and Pilehvar, Taher",
	journal="arXiv preprint arXiv:1805.04032",
	year="2018"
}


@article{doshi2017towards,
	title="Towards a rigorous science of interpretable machine learning",
	author="Doshi-Velez, Finale and Kim, Been",
		journal="arXiv preprint arXiv:1702.08608",
	year="2017"
}


@inproceedings{zhong2010makes,
	title="It makes sense: A wide-coverage word sense disambiguation system for free text",
	author="Zhong, Zhi and Ng, Hwee Tou",
	booktitle="Proceedings of ACL system demonstrations",
	year="2010"
}

@inproceedings{edmonds2001senseval,
	title="SENSEVAL-2: overview",
	author="Edmonds, Philip and Cotton, Scott",
	booktitle="The Proceedings of the Second International Workshop on Evaluating Word Sense Disambiguation Systems",
	year="2001"
}

@inproceedings{luong2013better,
	title="Better word representations with recursive neural networks for morphology",
	author="Luong, Thang and Socher, Richard and Manning, Christopher",
	booktitle=conll,
	year="2013"
}

@inproceedings{halawi2012large,
	title="Large-scale learning of word relatedness with constraints",
	author="Halawi, Guy and Dror, Gideon and Gabrilovich, Evgeniy and Koren, Yehuda",
	booktitle=kdd,
	year="2012"
}

@article{miller1991contextual,
	title="Contextual correlates of semantic similarity",
	author="Miller, George A and Charles, Walter G",
	journal="Language and cognitive processes",
	volume="6",
	year="1991"
}

@inproceedings{radinsky2011word,
	title="A word at a time: computing word relatedness using temporal semantic analysis",
	author="Radinsky, Kira and Agichtein, Eugene and Gabrilovich, Evgeniy and Markovitch, Shaul",
	booktitle=www,
	year="2011"
}

@book{yang2006verb,
	title="Verb similarity on the taxonomy of WordNet",
	author="Yang, Dongqiang and Powers, David Martin",
	year="2006",
	publisher="Masaryk University"
}

@inproceedings{snyder2004english,
	title="The English all-words task",
	author="Snyder, Benjamin and Palmer, Martha",
	booktitle="Proceedings of SENSEVAL-3, the Third International Workshop on the Evaluation of Systems for the Semantic Analysis of Text",
	year="2004"
}


@inproceedings{navigli2013semeval,
	title="Semeval-2013 task 12: Multilingual word sense disambiguation",
	author="Navigli, Roberto and Jurgens, David and Vannella, Daniele",
	booktitle="Proceedings of the Seventh International Workshop on Semantic Evaluation (SemEval 2013)",
	year="2013"
}

@inproceedings{moro2015semeval,
	title="Semeval-2015 task 13: Multilingual all-words sense disambiguation and entity linking",
	author="Moro, Andrea and Navigli, Roberto",
	booktitle="Proceedings of the 9th International Workshop on Semantic Evaluation (SemEval 2015)",
	year="2015"
}



@inproceedings{miller1994using,
	title="Using a semantic concordance for sense identification",
	author="Miller, George A and Chodorow, Martin and Landes, Shari and Leacock, Claudia and Thomas, Robert G",
	booktitle="Proceedings of the workshop on Human Language Technology",
	year="1994"
}

@article{rubenstein1965contextual,
	title="Contextual correlates of synonymy",
	author="Rubenstein, Herbert and Goodenough, John B",
	journal="Communications of the ACM",
	volume="8",
	number="10",
	year="1965"
}

@article{finkelstein2002placing,
	title="Placing Search in Context: The Concept Revisited",
	author="Finkelstein, Lev and Gabrilovich, Evgeniy and Matias, Yossi and Rivlin, Ehud and Solan, Zach and Wolfman, Gadi and Ruppin, Eytan",
	journal="ACM Transactions on Information Systems",
	volume="20",
	number="1",
	year="2002"
}


@article{hill2015simlex,
	title="Simlex-999: Evaluating semantic models with (genuine) similarity estimation",
	author="Hill, Felix and Reichart, Roi and Korhonen, Anna",
	journal="Computational Linguistics",
	volume="41",
	number="4",
	year="2015"
}


@article{goldberg2014negative,
	title="word2vec explained: Deriving mikolov et al.'s negative-sampling word-embedding method",
	author="Goldberg, Yoav and Levy, Omer",
	journal="arXiv preprint arXiv:1402.3722",
	year="2014"
}


@inproceedings{gale1992one,
	title="One sense per discourse",
	author="Gale, William A and Church, Kenneth W and Yarowsky, David",
	booktitle="Proceedings of the workshop on Speech and Natural Language",
	year="1992"
}

@incollection{Bengio+chapter2007,
	author = "Bengio, Yoshua and LeCun, Yann",
	booktitle = "Large Scale Kernel Machines",
	publisher = "MIT Press",
	title = "Scaling Learning Algorithms Towards AI",
	year = "2007"
}

@article{Hinton06,
	author = "Hinton, Geoffrey E. and Osindero, Simon and Teh, Yee Whye",
	journal = "Neural Computation",
	pages = "1527--1554",
	title = "A Fast Learning Algorithm for Deep Belief Nets",
	volume ="18",
	year = "2006"
}

@article{williams1992simple,
  title="Simple statistical gradient-following algorithms for connectionist reinforcement learning",
  author="Williams, Ronald J",
  journal="Machine learning",
  volume="8",
  number="3-4",
  year="1992"
}

@article{mikolov2013a,
	title="Efficient estimation of word representations in vector space",
	author="Mikolov, Tomas and Chen, Kai and Corrado, Greg and Dean, Jeffrey",
	journal="arXiv preprint arXiv:1301.3781",
	year="2013"
}

@inproceedings{mikolov2013b,
	title="Distributed representations of words and phrases and their compositionality",
	author="Mikolov, Tomas and Sutskever, Ilya and Chen, Kai and Corrado, Greg S and Dean, Jeff",
	booktitle=nips,
	year="2013"
}

@inproceedings{chen2014unified,
	title="A Unified Model for Word Sense Representation and Disambiguation.",
	author="Chen, Xinxiong and Liu, Zhiyuan and Sun, Maosong",
	booktitle=emnlp,
	year="2014",
	organization="Citeseer"
}

@inproceedings{jauhar2015ontologically,
	title="Ontologically Grounded Multi-sense Representation Learning for Semantic Vector Space Models",
	author="Jauhar, Sujay Kumar and Dyer, Chris and Hovy, Eduard",
	booktitle=naacl,
	year="2015"
}

@inproceedings{wu2015sense,
	title="Sense-Aaware Semantic Analysis: A Multi-Prototype Word Representation Model Using Wikipedia.",
	author="Wu, Zhaohui and Giles, C Lee",
	booktitle=aaai,
	pages="2188--2194",
	year="2015",
	organization="Citeseer"
}


@inproceedings{glove2014,
	title="Glove: Global Vectors for Word Representation.",
	author="Pennington, Jeffrey and Socher, Richard and Manning, Christopher D",
	booktitle=emnlp,
	year="2014"
}

@article{li2015multi,
	title="Do multi-sense embeddings improve natural language understanding?",
	author="Li, Jiwei and Jurafsky, Dan",
	journal="arXiv preprint arXiv:1506.01070",
	year="2015"
}

@inproceedings{huang2012improving,
	title="Improving word representations via global context and multiple word prototypes",
	author="Huang, Eric H and Socher, Richard and Manning, Christopher D and Ng, Andrew Y",
	booktitle=acl,
	year="2012"
}

@InProceedings{neelakantan2015efficient,
	author = 	"Neelakantan, Arvind
	and Shankar, Jeevan
	and Passos, Alexandre
	and McCallum, Andrew",
	title = 	"Efficient Non-parametric Estimation of Multiple Embeddings per Word in      Vector Space    ",
	booktitle = 	emnlp,
	year = 	"2014",
	location = 	"Doha, Qatar"
}


@inproceedings{tian2014probabilistic,
	title="A probabilistic model for learning multi-prototype word embeddings",
	author="Tian, Fei and Dai, Hanjun and Bian, Jiang and Gao, Bin and Zhang, Rui and Chen, Enhong and Liu, Tie-Yan",
	booktitle=coling,
	year="2014"
}

@inproceedings{socher2010learning,
	title="Learning continuous phrase representations and syntactic parsing with recursive neural networks",
	author="Socher, Richard and Manning, Christopher D and Ng, Andrew Y",
	booktitle="Proceedings of the NIPS-2010 Deep Learning and Unsupervised Feature Learning Workshop",
	year="2010"
}

@inproceedings{socher2012semantic,
	title="Semantic compositionality through recursive matrix-vector spaces",
	author="Socher, Richard and Huval, Brody and Manning, Christopher D and Ng, Andrew Y",
	booktitle="Proceedings of the 2012 Joint Conference on Empirical Methods in Natural Language Processing and Computational Natural Language Learning",
	year="2012",
	organization="Association for Computational Linguistics"
}

@InProceedings{socher2013recursive,
	author = 	"Socher, Richard
	and Perelygin, Alex
	and Wu, Jean
	and Chuang, Jason
	and Manning, D. Christopher
	and Ng, Andrew
	and Potts, Christopher",
	title = 	"Recursive Deep Models for Semantic Compositionality Over a Sentiment Treebank",
	booktitle = emnlp,
	year = 	"2013"
}


@inproceedings{irsoy2014deep,
	title="Deep recursive neural networks for compositionality in language",
	author="Irsoy, Ozan and Cardie, Claire",
	booktitle= nips,
	year="2014"
}

@inproceedings{lai2015recurrent,
	title="Recurrent convolutional neural networks for text classification",
	author="Lai, Siwei and Xu, Liheng and Liu, Kang and Zhao, Jun",
	booktitle=aaai,
	year="2015"
}

@inproceedings{blunsom2014convolutional,
	title="A convolutional neural network for modelling sentences",
	author="Blunsom, Phil and Grefenstette, Edward and Kalchbrenner, Nal and others",
	booktitle="Proceedings of the 52nd Annual Meeting of the Association for Computational Linguistics",
	year="2014",
	organization="Proceedings of the 52nd Annual Meeting of the Association for Computational Linguistics"
}

@article{kim2014convolutional,
	title="Convolutional neural networks for sentence classification",
	author="Kim, Yoon",
	journal=emnlp,
	year="2014"
}

@article{cho2014properties,
	title="On the properties of neural machine translation: Encoder-decoder approaches",
	author="Cho, Kyunghyun and van Merri{\"e}nboer, Bart and Bahdanau, Dzmitry and Bengio, Yoshua",
	journal="Eighth Workshop on Syntax, Semantics and Structure in Statistical Translation",
	year="2014"
}

@article{zhao2015self,
	title="Self-Adaptive Hierarchical Sentence Model",
	author="Zhao, Han and Lu, Zhengdong and Poupart, Pascal",
	journal="IJCAI",
	year="2015"
}

@article{iyyer2015deep,
	title="Deep Unordered Composition Rivals Syntactic Methods for Text Classification",
	author="Iyyer, Mohit and Manjunatha, Varun and Boyd-Graber, Jordan and III, Hal Daum{\'e}",
	journal="Proceedings of the 53rd Annual Meeting of the Association for Computational Linguistics",
	year="2015"
}

@article{le2014distributed,
	title="Distributed representations of sentences and documents",
	author="Le, Quoc V and Mikolov, Tomas",
	journal="ICML",
	year="2014"
}

@inproceedings{kiros2015skip,
	title="Skip-thought vectors",
	author="Kiros, Ryan and Zhu, Yukun and Salakhutdinov, Ruslan R and Zemel, Richard and Urtasun, Raquel and Torralba, Antonio and Fidler, Sanja",
	booktitle=nips,
	year="2015"
}

@inproceedings{polajnar2015exploration,
	title="An Exploration of Discourse-Based Sentence Spaces for Compositional Distributional Semantics",
	author="Polajnar, Tamara and Rimell, Laura and Clark, Stephen",
	booktitle="Workshop on Linking Models of Lexical, Sentential and Discourse-level Semantics (LSDSem)",
	year="2015"
}

@inproceedings{dai2014document,
	title="Document Embedding with Paragraph Vectors",
	author="Dai, Andrew M and Olah, Christopher and Le, Quoc V and Corrado, Greg S",
	booktitle="NIPS Deep Learning Workshop",
	year="2014"
}




@InProceedings{li-luong-jurafsky:2015:ACL-IJCNLP,
	author    = "Li, Jiwei  and  Luong, Thang  and  Jurafsky, Dan",
	title     = "A Hierarchical Neural Autoencoder for Paragraphs and Documents",
	booktitle = "Proceedings of the 53rd Annual Meeting of the Association for Computational Linguistics and the 7th International Joint Conference on Natural Language Processing (Volume 1: Long Papers)",
	month     = "July",
	year      = "2015",
	address   = "Beijing, China",
	publisher = "Association for Computational Linguistics",
}

@InProceedings{dasgaussian,
	author="Das, Rajarshi and Zaheer, Manzil and Dyer, Chris",
	title="Gaussian LDA for Topic Models with Word Embeddings",
	booktitle = "Proceedings of the 53rd Annual Meeting of the Association for Computational Linguistics and the 7th International Joint Conference on Natural Language Processing (Volume 1: Long Papers)",
	month     = "July",
	year      = "2015",
	address   = "Beijing, China",
	publisher = "Association for Computational Linguistics"
}

@inproceedings{lin2015hierarchical,
	title="Hierarchical Recurrent Neural Network for Document Modeling",
	author="Lin, Rui and Liu, Shujie and Yang, Muyun and Li, Mu and Zhou, Ming and Li, Sheng",
	booktitle=emnlp,
	year="2015"
}

@inproceedings{boyd2009syntactic,
	title="Syntactic topic models",
	author="Boyd-Graber, Jordan L and Blei, David M",
	booktitle=nips,
	year="2009"
}

@inproceedings{tang2015document,
	title="Document modeling with gated recurrent neural network for sentiment classification",
	author="Tang, Duyu and Qin, Bing and Liu, Ting",
	booktitle="Proceedings of the 2015 Conference on Empirical Methods in Natural Language Processing",
	year="2015"
}

@article{ji2015document,
	title="Document Context Language Models",
	author="Ji, Yangfeng and Cohn, Trevor and Kong, Lingpeng and Dyer, Chris and Eisenstein, Jacob",
	journal="arXiv preprint arXiv:1511.03962",
	year="2015"
}

@article{niu2015topic2vec,
	title="Topic2Vec: Learning Distributed Representations of Topics",
	author="Niu, Li-Qiang and Dai, Xin-Yu",
	journal="arXiv preprint arXiv:1506.08422",
	year="2015"
}

@article{wang2015larger,
	title="Larger-Context Language Modelling",
	author="Wang, Tian and Cho, Kyunghyun",
	journal="arXiv preprint arXiv:1511.03729",
	year="2015"
}

@article{he2015deep,
	title="Deep Residual Learning for Image Recognition",
	author="He, Kaiming and Zhang, Xiangyu and Ren, Shaoqing and Sun, Jian",
	journal="arXiv preprint arXiv:1512.03385",
	year="2015"
}

@article{blei2003latent,
	title="Latent dirichlet allocation",
	author="Blei, David M and Ng, Andrew Y and Jordan, Michael I",
	journal="the Journal of machine Learning research",
	volume="3",
	year="2003",
	publisher="JMLR. org"
}


@article{bahdanau2014neural,
	title="Neural machine translation by jointly learning to align and translate",
	author="Bahdanau, Dzmitry and Cho, Kyunghyun and Bengio, Yoshua",
	journal="arXiv preprint arXiv:1409.0473",
	year="2014"
}

@inproceedings{wang2015inference,
	title="An Inference Approach to Basic Level of Categorization",
	author="Wang, Zhongyuan and Wang, Haixun and Wen, Ji-Rong and Xiao, Yanghua",
	booktitle="Proceedings of the 24th ACM International on Conference on Information and Knowledge Management",
	year="2015",
	organization="ACM"
}

@inproceedings{wu2012probase,
	title="Probase: a probabilistic taxonomy for text understanding",
	author="Wu, Wentao and Li, Hongsong and Wang, Haixun and Zhu, Kenny Q",
	booktitle="Proceedings of the 2012 ACM SIGMOD International Conference on Management of Data",
	year="2012",
	organization="ACM"
}

@inproceedings{yago3,
	title="Yago3: A knowledge base from multilingual wikipedias",
	author="Mahdisoltani, Farzaneh and Biega, Joanna and Suchanek, Fabian",
	booktitle="7th Biennial Conference on Innovative Data Systems Research",
	year="2014",
	organization="CIDR Conference"
}

@inproceedings{2008freebase,
	title="Freebase: a collaboratively created graph database for structuring human knowledge",
	author="Bollacker, Kurt and Evans, Colin and Paritosh, Praveen and Sturge, Tim and Taylor, Jamie",
	booktitle="Proceedings of the 2008 ACM SIGMOD international conference on Management of data",
	pages="1247--1250",
	year="2008",
	organization="ACM"
}

@article{wordnet1,
	title="WordNet: a lexical database for English",
	author="Miller, George A",
	journal="Communications of the ACM",
	volume="38",
	number="11",
	year="1995"
}

@book{wordnet2,
	title="Wordnet: An electronic lexical database",
	author="Miller, George and Fellbaum, Christiane",
	year="1998",
	publisher="MIT Press Cambridge"
}

@inproceedings{glove,
	title="Glove: Global Vectors for Word Representation.",
	author="Pennington, Jeffrey and Socher, Richard and Manning, Christopher D",
	booktitle=emnlp,
	year="2014"
}

@InProceedings{retroFM,
	author = 	"Faruqui, Manaal
	and Dodge, Jesse
	and Jauhar, Kumar Sujay
	and Dyer, Chris
	and Hovy, Eduard
	and Smith, A. Noah",
	title = 	"Retrofitting Word Vectors to Semantic Lexicons",
	booktitle = 	naacl,
	year = 	"2015",
	publisher = 	"Association for Computational Linguistics",
	pages = 	"1606--1615",
	location = 	"Denver, Colorado"
}


@InProceedings{vsuster2016bilingual,
	author = 	"{\v{S}}uster, Simon
	and Titov, Ivan
	and van Noord, Gertjan",
	title = 	"Bilingual Learning of Multi-sense Embeddings with Discrete Autoencoders",
	booktitle = 	naacl,
	year = 	"2016",
	location = 	"San Diego, California"
}


@inproceedings{guo2014learning,
	title="Learning Sense-specific Word Embeddings By Exploiting Bilingual Resources.",
	author="Guo, Jiang and Che, Wanxiang and Wang, Haifeng and Liu, Ting",
	booktitle=coling,
	year="2014"
}

@inproceedings{mccarthy2007semeval,
	title="Semeval-2007 task 10: English lexical substitution task",
	author="McCarthy, Diana and Navigli, Roberto",
	booktitle="Proceedings of the 4th International Workshop on Semantic Evaluations",
	year="2007",
	organization="Association for Computational Linguistics"
}

@article{schuler2005verbnet,
	title="VerbNet: A broad-coverage, comprehensive verb lexicon",
	author="Schuler, Karin Kipper",
	year="2005"
}


@inproceedings{demeester2016regularizing,
	month="June", 
	year="2016", 
	author="Demeester, Thomas and Rocktaschel, Tim and Riedel, Sebastian", 
	booktitle="Proceedings of the 5th Workshop on Automated Knowledge Base Construction (AKBC)", 
	title="Regularizing Relation Representations by First-order Implications", 
}

@inproceedings{bordes2013translating,
	title="Translating embeddings for modeling multi-relational data",
	author="Bordes, Antoine and Usunier, Nicolas and Garcia-Duran, Alberto and Weston, Jason and Yakhnenko, Oksana",
	booktitle=nips,
	year="2013"
}

@inproceedings{weston2013connecting,
	title="Connecting Language and Knowledge Bases with Embedding Models for Relation Extraction",
	author="Weston, Jason and Bordes, Antoine and Yakhnenko, Oksana and Usunier, Nicolas",
	booktitle="Conference on Empirical Methods in Natural Language Processing",
	year="2013"
}

@inproceedings{wang2014knowledge,
	title="Knowledge Graph Embedding by Translating on Hyperplanes",
	author="Wang, Zhen and Zhang, Jianwen and Feng, Jianlin and Chen, Zheng",
	booktitle=aaai,
	year="2014"
}

@inproceedings{Demeester2016lifted,
	month="November", 
	year="2016", 
	author="Demeester, Thomas and Rocktaschel, Tim and Riedel, Sebastian", 
	title="Lifted Rule Injection for Relation Embeddings", 
	booktitle="Proceedings of the Conference on Empirical Methods in Natural Language Processing (EMNLP)", 
}

@inproceedings{rocktaschel2015injecting,
	month="June", 
	year="2015", 
	author="Rocktaschel, Tim and Singh, Sameer and Riedel, Sebastian", 
	title="Injecting Logical Background Knowledge into Embeddings for Relation Extraction", 
	booktitle=naacl
}

@inproceedings{lin2015learning,
	title="Learning Entity and Relation Embeddings for Knowledge Graph Completion.",
	author="Lin, Yankai and Liu, Zhiyuan and Sun, Maosong and Liu, Yang and Zhu, Xuan",
	booktitle=aaai,
	year="2015"
	
}

@article{riedel2013relation,
	title="Relation Extraction with Matrix Factorization and Universal Schemas",
	author="Riedel, Sebastian and Yao, Limin and McCallum, Andrew and Marlin, Benjamin M",
	journal=naacl,
	year="2013"
}

@article{neelakantaninferring,
	title="Inferring Missing Entity Type Instances for Knowledge Base Completion: New Dataset and Methods",
	author="Neelakantan, Arvind and Chang, Ming-Wei",
	journal="NAACL 2015"
}

@article{roth2015building,
	title="Building Knowledge Bases with Universal Schema: Cold Start and Slot-Filling Approaches",
	author="Roth, Benjamin and Monath, Nicholas and Belanger, David and Strubell, Emma and Verga, Patrick and McCallum, Andrew",
	journal="TAC2015",
	year="2015"
}

@article{riedel2013latent,
	title="Latent Relation Representations for Universal Schemas",
	author="Riedel, Sebastian and Yao, Limin and McCallum, Andrew",
	journal="arXiv preprint arXiv:1301.4293",
	year="2013"
}

@inproceedings{toutanova2015representing,
	title="Representing Text for Joint Embedding of Text and Knowledge Bases",
	author="Kristina Toutanova and Danqi Chen and Patrick Pantel and Hoifung Poon and Pallavi
	Choudhury and Michael Gamon",
	booktitle="Empirical Methods in Natural Language Processing (EMNLP)",
	year="2015"
}

@inproceedings{socher2013reasoning,
	title="Reasoning With Neural Tensor Networks for Knowledge Base Completion",
	author="Socher, Richard and Chen, Danqi and Manning, Christopher D and Ng, Andrew",
	booktitle=nips,
	year="2013"
}

@inproceedings{chen2013learning,
	title="Learning new facts from knowledge bases with neural tensor networks and semantic word vectors",
	author="Chen, Danqi and Socher, Richard and Manning, Christopher D and Ng, Andrew Y",
	booktitle="International Conference on Learning Representations (ICLR)",
	year="2013"
}

@inproceedings{ngiam2011multimodal,
	title="Multimodal deep learning",
	author="Ngiam, Jiquan and Khosla, Aditya and Kim, Mingyu and Nam, Juhan and Lee, Honglak and Ng, Andrew Y",
	booktitle="Proceedings of the 28th international conference on machine learning (ICML-11)",
	year="2011"
}

@inproceedings{sohn2014improved,
	title="Improved multimodal deep learning with variation of information",
	author="Sohn, Kihyuk and Shang, Wenling and Lee, Honglak",
	booktitle=nips,
	year="2014"
}

@inproceedings{karpathy2015deep,
	title="Deep visual-semantic alignments for generating image descriptions",
	author="Karpathy, Andrej and Fei-Fei, Li",
	booktitle="Proceedings of the IEEE Conference on Computer Vision and Pattern Recognition",
	year="2015"
}

@inproceedings{ettinger2016retrofitting,
	title="Retrofitting sense-specific word vectors using parallel text",
	author="Ettinger, Allyson and Resnik, Philip and Carpuat, Marine",
	booktitle=naacl,
	year="2016"
}

@inproceedings{mccarthy2007semeval,
	title="Semeval-2007 task 10: English lexical substitution task",
	author="McCarthy, Diana and Navigli, Roberto",
	booktitle="Proceedings of the 4th International Workshop on Semantic Evaluations",
	pages="48--53",
	year="2007",
	organization="Association for Computational Linguistics"
}

@inproceedings{biemann2012turk,
	title="Turk Bootstrap Word Sense Inventory 2.0: A Large-Scale Resource for Lexical Substitution.",
	author="Biemann, Chris",
	booktitle="LREC",
	pages="4038--4042",
	year="2012"
}

@InProceedings{senseGerman,
	author = 	"K{\"o}per, Maximilian
	and Schulte im Walde, Sabine",
	title = 	"Applying Multi-Sense Embeddings for German Verbs to Determine Semantic Relatedness and to Detect Non-Literal Language",
	booktitle = eacl,
	year = 	"2017",
	location = 	"Valencia, Spain"
}

@InProceedings{kbuSense,
	author = 	"Delli Bovi, Claudio
	and Espinosa Anke, Luis
	and Navigli, Roberto",
	title = 	"Knowledge Base Unification via Sense Embeddings and Disambiguation",
	booktitle = 	emnlp,
	year = 	"2015",
	location = 	"Lisbon, Portugal"
}

@InProceedings{sensEmbed,
	author = 	"Iacobacci, Ignacio
	and Pilehvar, Taher Mohammad
	and Navigli, Roberto",
	title = 	"SensEmbed: Learning Sense Embeddings for Word and Relational Similarity",
	booktitle = acl,
	year = 	"2015",
	publisher = 	"Association for Computational Linguistics",
	pages = 	"95--105",
	location = 	"Beijing, China"
}


@InProceedings{taoSense,
	author = 	"Chen, Tao
	and Xu, Ruifeng
	and He, Yulan
	and Wang, Xuan",
	title = 	"Improving Distributed Representation of Word Sense via WordNet Gloss      Composition and Context Clustering    ",
	booktitle = acl,
	year = 	"2015",
	publisher = 	"Association for Computational Linguistics",
	pages = 	"15--20",
	location = 	"Beijing, China"
}

@InProceedings{syntaxSense,
	author = 	"Cheng, Jianpeng
	and Kartsaklis, Dimitri",
	title = 	"Syntax-Aware Multi-Sense Word Embeddings for Deep Compositional Models of      Meaning    ",
	booktitle = 	emnlp,
	year = 	"2015",
	location = 	"Lisbon, Portugal"
}

@article{jang2016categorical,
	title="Categorical Reparameterization with Gumbel-Softmax",
	author="Jang, Eric and Gu, Shixiang and Poole, Ben",
	journal="arXiv preprint arXiv:1611.01144",
	year="2016"
}


@article{nmt2014,
	title="Neural machine translation by jointly learning to align and translate",
	author="Bahdanau, Dzmitry and Cho, Kyunghyun and Bengio, Yoshua",
	journal="arXiv preprint arXiv:1409.0473",
	year="2014"
}

@article{maddison2016concrete,
	title="The Concrete Distribution: A Continuous Relaxation of Discrete Random Variables",
	author="Maddison, Chris J and Mnih, Andriy and Teh, Yee Whye",
	journal="arXiv preprint arXiv:1611.00712",
	year="2016"
}

@article{gumbel1954statistical,
	title="Statistical theory of extreme values and some practical applications: a series of lectures",
	author="Gumbel, Emil Julius and Lieblein, Julius",
	year="1954",
	publisher="US Government Printing Office Washington"
}

@inproceedings{maddison2014sampling,
	title="A* sampling",
	author="Maddison, Chris J and Tarlow, Daniel and Minka, Tom",
	booktitle=nips,
	year="2014"
}

@article{kusner2016gans,
	title="GANS for Sequences of Discrete Elements with the Gumbel-softmax Distribution",
	author="Kusner, Matt J and Hern{\'a}ndez-Lobato, Jos{\'e} Miguel",
	journal="arXiv preprint arXiv:1611.04051",
	year="2016"
}

@inproceedings{socher2013sst,
	title="Recursive deep models for semantic compositionality over a sentiment treebank",
	author="Socher, Richard and Perelygin, Alex and Wu, Jean Y and Chuang, Jason and Manning, Christopher D and Ng, Andrew Y and Potts, Christopher and others",
	booktitle=emnlp,
	year="2013"
}

@InProceedings{treelstm,
	author = 	"Tai, Sheng Kai
	and Socher, Richard
	and Manning, D. Christopher",
	title = 	"Improved Semantic Representations From Tree-Structured Long Short-Term Memory Networks",
	booktitle = 	acl,
	year = 	"2015",
	location = 	"Beijing, China"
}

@InProceedings{denpNN,
	author = 	"Chen, Danqi
	and Manning, Christopher",
	title = 	"A Fast and Accurate Dependency Parser using Neural Networks",
	booktitle = emnlp,
	year = 	"2014",
	location = 	"Doha, Qatar"
}

@book{luce2005individual,
	title="Individual Choice Behavior: A Theoretical Analysis",
	author="Luce, R Duncan",
	year="1959",
	publisher="New York: Wiley"
}


@article{yellott1977relationship,
	title="The relationship between Luce's choice axiom, Thurstone's theory of comparative judgment, and the double exponential distribution",
	author="Yellott, John I",
	journal="Journal of Mathematical Psychology",
	volume="15",
	number="2",
	pages="109--144",
	year="1977",
	publisher="Elsevier"
}

@inproceedings{papandreou2011perturb,
	title="Perturb-and-map random fields: Using discrete optimization to learn and sample from energy models",
	author="Papandreou, George and Yuille, Alan L",
	booktitle="Proceedings ICCV",
	year="2011"
}

@inproceedings{hazan2012partition,
	title="On the Partition Function and Random Maximum A-Posteriori Perturbations",
	author="Hazan, Tamir and Jaakkola, Tommi",
	booktitle="Proceedings of ICML",
	year="2012"
}


@book{wiki,
	title="The Westbury Lab Wikipedia Corpusa",
	author="Shaoul C., Westbury C",
	year="2010"
}

	
	
@inproceedings{finkelstein2001placing,
	title="Placing search in context: The concept revisited",
	author="Finkelstein, Lev and Gabrilovich, Evgeniy and Matias, Yossi and Rivlin, Ehud and Solan, Zach and Wolfman, Gadi and Ruppin, Eytan",
	booktitle="Proceedings of the 10th international conference on World Wide Web",
	pages="406--414",
	year="2001",
	organization="ACM"
}

@inproceedings{mnih2014recurrent,
	title="Recurrent models of visual attention",
	author="Mnih, Volodymyr and Heess, Nicolas and Graves, Alex and others",
	booktitle=nips,
	pages="2204--2212",
	year="2014"
}

@InProceedings{levy2015,
	author = 	"Levy, Omer and Remus, Steffen and Biemann, Chris and Dagan, Ido",
	title = 	"Do Supervised Distributional Methods Really Learn Lexical Inference Relations?",
	booktitle = 	naacl,
	year = 	"2015"
}


@InProceedings{Yogarshi2016,
	author = 	"Vyas, Yogarshi
	and Carpuat, Marine",
	title = 	"Sparse Bilingual Word Representations for Cross-lingual Lexical Entailment",
	booktitle = 	naacl,
	year = 	"2016"
}

@InProceedings{Gabor2017,
	author = 	"G{\'a}bor, Kata
	and Zargayouna, Haifa
	and Tellier, Isabelle
	and Buscaldi, Davide
	and Charnois, Thierry",
	title = 	"Exploring Vector Spaces for Semantic Relations",
	booktitle = 	emnlp,
	year = 	"2017"
}

@InProceedings{Iacobacci2016,
	author = 	"Iacobacci, Ignacio
	and Pilehvar, Mohammad Taher
	and Navigli, Roberto",
	title = 	"Embeddings for Word Sense Disambiguation: An Evaluation Study",
	booktitle = 	acl,
	year = 	"2016"
}

@InProceedings{Muse,
	author = 	"Lee, Guang-He
	and Chen, Yun-Nung",
	title = 	"MUSE: Modularizing Unsupervised Sense Embeddings",
	booktitle = 	emnlp,
	year = 	"2017"
}

@InProceedings{Reisinger2010,
	author = 	"Reisinger, Joseph
	and Mooney, Raymond J.",
	title = 	"Multi-Prototype Vector-Space Models of Word Meaning",
	booktitle = 	naacl,
	year = 	"2010"
}

@inproceedings{qiu2016context,
	title= "Context-Dependent Sense Embedding",
	author="Qiu, Lin and Tu, Kewei and Yu, Yong",
	booktitle=emnlp,
	year="2016"
}

@inproceedings{bartunov2016breaking,
	title="Breaking sticks and ambiguities with adaptive skip-gram",
	author="Bartunov, Sergey and Kondrashkin, Dmitry and Osokin, Anton and Vetrov, Dmitry",
	booktitle=aistats,
	year="2016"
}

@InProceedings{jauha_onto,
	author = 	"Jauhar, Sujay Kumar
	and Dyer, Chris
	and Hovy, Eduard",
	title = 	"Ontologically Grounded Multi-sense Representation Learning for Semantic Vector Space Models",
	booktitle = 	naacl,
	year = 	"2015"
}

@inproceedings{turney2001mining,
	title="Mining the web for synonyms: PMI-IR versus LSA on TOEFL",
	author="Turney, Peter D",
	booktitle="European Conference on Machine Learning",
	year="2001"
}


@inproceedings{rd,
	title="Roget’s Thesaurus and Semantic Similarity",
	author="Jarmasz, Mario and Szpakowicz, Stan",
	booktitle="Recent Advances in Natural Language Processing III: Selected Papers from RANLP",
	year="2004"
}

@article{landauer1997solution,
	title="A solution to Plato's problem: The latent semantic analysis theory of acquisition, induction, and representation of knowledge.",
	author="Landauer, Thomas K and Dumais, Susan T",
	journal="Psychological review",
	volume="104",
	number="2",
	pages="211",
	year="1997"
}
