@inproceedings{grissom2014don,
  title={Donâ€™t until the final verb wait: Reinforcement learning for simultaneous machine translation},
  author={Grissom II, Alvin and He, He and Boyd-Graber, Jordan and Morgan, John and Daum{\'e} III, Hal},
  booktitle=emnlp,
  year={2014}
}

@book{Thompson-13,
 author = {Thompson, Clive},
 title = {Smarter Than You Think: How Technology is Changing Our Minds for the Better},
 year = {2013},
 isbn = {1594204454, 9781594204456},
 publisher = {The Penguin Group},
}

@article{Koedinger-13,
  doi = {10.1609/aimag.v34i3.2484},
  url = {https://doi.org/10.1609/aimag.v34i3.2484},
  year  = {2013},
  month = {sep},
  publisher = {Association for the Advancement of Artificial Intelligence ({AAAI})},
  volume = {34},
  number = {3},
  pages = {27},
  author = {Kenneth R. Koedinger and Emma Brunskill and Ryan S.J.d. Baker and Elizabeth A. McLaughlin and John Stamper},
  title = {New Potentials for Data-Driven Intelligent Tutoring System Development and Optimization},
  journal = {{AI} Magazine}
}

@article{rudin2018please,
  title={Please Stop Explaining Black Box Models for High Stakes Decisions},
  author={Rudin, Cynthia},
  journal={arXiv preprint arXiv:1811.10154},
  year={2018}
}

@article{reyna2008numeracy,
  title={Numeracy, ratio bias, and denominator neglect in judgments of risk and probability},
  author={Reyna, Valerie F and Brainerd, Charles J},
  journal={Learning and individual differences},
  year={2008}
}

@article{peters2006numeracy,
  title={Numeracy and decision making},
  author={Peters, Ellen and V{\"a}stfj{\"a}ll, Daniel and Slovic, Paul and Mertz, CK and Mazzocco, Ketti and Dickert, Stephan},
  journal={Psychological science},
  year={2006}
}

@inproceedings{stewart2018automatic,
  title={Automatic Estimation of Simultaneous Interpreter Performance},
  author={Stewart, Craig and Vogler, Nikolai and Hu, Junjie and Boyd-Graber, Jordan and Neubig, Graham},
  booktitle=acl,
  year={2018}
}

@inproceedings{miller2017explainable,
  title={Explainable {AI}: Beware of inmates running the asylum},
  author={Miller, Tim and Howe, Piers and Sonenberg, Liz},
  booktitle={IJCAI-17 Workshop on Explainable AI (XAI)},
  volume={36},
  year={2017}
}

@article{burda2018exploration,
  title={Exploration by random network distillation},
  author={Burda, Yuri and Edwards, Harrison and Storkey, Amos and Klimov, Oleg},
  journal={arXiv preprint arXiv:1810.12894},
  year={2018}
}

@article{cover1965geometrical,
  title={Geometrical and statistical properties of systems of linear inequalities with applications in pattern recognition},
  author={Cover, Thomas M},
  journal={IEEE transactions on electronic computers},
  number={3},
  pages={326--334},
  year={1965},
  publisher={IEEE}
}

@inproceedings{cer2018universal,
  title={Universal Sentence Encoder for English},
  author={Cer, Daniel and Yang, Yinfei and Kong, Sheng-yi and Hua, Nan and Limtiaco, Nicole and John, Rhomni St and Constant, Noah and Guajardo-Cespedes, Mario and Yuan, Steve and Tar, Chris and others},
  booktitle=emnlp,
  year={2018}
}

@inproceedings{zhu2018exploring,
  title={Exploring semantic properties of sentence embeddings},
  author={Zhu, Xunjie and Li, Tingfeng and de Melo, Gerard},
  booktitle=acl,
  year={2018}
}

@inproceedings{conneau2018you,
  title={What you can cram into a single vector: Probing sentence embeddings for linguistic properties},
  author={Conneau, Alexis and Kruszewski, German and Lample, Guillaume and Barrault, Lo{\"\i}c and Baroni, Marco},
  booktitle=acl,
  year={2018}
}

@article{linzen2016assessing,
  title={Assessing the ability of LSTMs to learn syntax-sensitive dependencies},
  author={Linzen, Tal and Dupoux, Emmanuel and Goldberg, Yoav},
  journal={arXiv preprint arXiv:1611.01368},
  year={2016}
}

@article{adi2016fine,
  title={Fine-grained analysis of sentence embeddings using auxiliary prediction tasks},
  author={Adi, Yossi and Kermany, Einat and Belinkov, Yonatan and Lavi, Ofer and Goldberg, Yoav},
  journal={arXiv preprint arXiv:1608.04207},
  year={2016}
}

@inproceedings{wiebe2019training,
  title={No Training Required: Exploring Random Encoders for Sentence Classification},
  author={Wieting, John and Kiela, Douwe},
  booktitle=iclr,
  year={2019}
}

@inproceedings{lee2018answerer,
  title={Answerer in Questioner's Mind: Information Theoretic Approach to Goal-Oriented Visual Dialog},
  author={Lee, Sang-Woo and Heo, Yu-Jung and Zhang, Byoung-Tak},
  booktitle=nips,
  year={2018}
}

@article{he2016active,
  title={Active Information Acquisition},
  author={He, He and Mineiro, Paul and Karampatziakis, Nikos},
  journal={arXiv preprint arXiv:1602.02181},
  year={2016}
}

@inproceedings{chen2017ead,
  title={EAD: elastic-net attacks to deep neural networks via adversarial examples},
  author={Chen, Pin-Yu and Sharma, Yash and Zhang, Huan and Yi, Jinfeng and Hsieh, Cho-Jui},
  booktitle=aaai,
  year={2018}
}

@inproceedings{serra2017bounding,
  title={Bounding and counting linear regions of deep neural networks},
  author={Serra, Thiago and Tjandraatmadja, Christian and Ramalingam, Srikumar},
  booktitle=icml,
  year={2018}
}

@inproceedings{raghu2016expressive,
  title={On the expressive power of deep neural networks},
  author={Raghu, Maithra and Poole, Ben and Kleinberg, Jon and Ganguli, Surya and Sohl-Dickstein, Jascha},
  booktitle=icml,
  year={2017}
}

@inproceedings{montufar2014number,
  title={On the number of linear regions of deep neural networks},
  author={Montufar, Guido F and Pascanu, Razvan and Cho, Kyunghyun and Bengio, Yoshua},
  booktitle=nips,
  year={2014}
}

@article{wang2018dataset,
  title={Dataset Distillation},
  author={Wang, Tongzhou and Zhu, Jun-Yan and Torralba, Antonio and Efros, Alexei A},
  journal={arXiv preprint arXiv:1811.10959},
  year={2018}
}

@article{buesing2018woulda,
  title={Woulda, Coulda, Shoulda: Counterfactually-Guided Policy Search},
  author={Buesing, Lars and Weber, Theophane and Zwols, Yori and Racaniere, Sebastien and Guez, Arthur and Lespiau, Jean-Baptiste and Heess, Nicolas},
  journal={arXiv preprint arXiv:1811.06272},
  year={2018}
}

@article{du2018adapting,
  title={Adapting Auxiliary Losses Using Gradient Similarity},
  author={Du, Yunshu and Czarnecki, Wojciech M and Jayakumar, Siddhant M and Pascanu, Razvan and Lakshminarayanan, Balaji},
  journal={arXiv preprint arXiv:1812.02224},
  year={2018}
}

@inproceedings{subramanian2018learning,
  title={Learning general purpose distributed sentence representations via large scale multi-task learning},
  author={Subramanian, Sandeep and Trischler, Adam and Bengio, Yoshua and Pal, Christopher J},
  booktitle=iclr,
  year={2018}
}

@article{phang2018sentence,
  title={Sentence Encoders on STILTs: Supplementary Training on Intermediate Labeled-data Tasks},
  author={Phang, Jason and F{\'e}vry, Thibault and Bowman, Samuel R},
  journal={arXiv preprint arXiv:1811.01088},
  year={2018}
}

@inproceedings{clark2018cross,
  title={Semi-Supervised Sequence Modeling with Cross-View Training},
  author={Clark, Kevin and Luong, Thang and Le, Quoc V},
  booktitle=emnlp,
  year={2018}
}

@article{zhou2016latent,
  title={Latent contextual bandits and their application to personalized recommendations for new users},
  author={Zhou, Li and Brunskill, Emma},
  booktitle=ijcai,
  year={2016}
}

@inproceedings{ruder2018strong,
  title={Strong Baselines for Neural Semi-supervised Learning under Domain Shift},
  author={Ruder, Sebastian and Plank, Barbara},
  booktitle=acl,
  year={2018}
}

@inproceedings{lai2018human,
  title={On Human Predictions with Explanations and Predictions of Machine Learning Models: A Case Study on Deception Detection},
  author={Lai, Vivian and Tan, Chenhao},
  booktitle={Proceedings of ACM FAT*},
  year={2019},
}

@article{zhang2018language,
  title={Language modeling teaches you more syntax than translation does: Lessons learned through auxiliary task analysis},
  author={Zhang, Kelly W and Bowman, Samuel R},
  journal={arXiv preprint arXiv:1809.10040},
  year={2018}
}

@article{ahmad2018multi,
  title={Multi-task Learning for Universal Sentence Representations: What Syntactic and Semantic Information is Captured?},
  author={Ahmad, Wasi Uddin and Bai, Xueying and Huang, Zhechao and Jiang, Chao and Peng, Nanyun and Chang, Kai-Wei},
  journal={arXiv preprint arXiv:1804.07911},
  year={2018}
}

@article{roese1997counterfactual,
  title={Counterfactual thinking.},
  author={Roese, Neal J},
  journal={Psychological bulletin},
  year={1997},
  publisher={American Psychological Association}
}

@book{pearl2018book,
  title={The Book of Why: The New Science of Cause and Effect},
  author={Pearl, Judea and Mackenzie, Dana},
  year={2018},
  publisher={Basic Books}
}

@inproceedings{chen2016bilingual,
  title={Bilingual methods for adaptive training data selection for machine translation},
  author={Chen, Boxing and Kuhn, Roland and Foster, George and Cherry, Colin and Huang, Fei},
  booktitle={Proceedings of the 12th Conference of the Association for Machine Translation in the Americas (AMTA)},
  year={2016}
}

@inproceedings{vyas2018identifying,
  title={Identifying Semantic Divergences in Parallel Text without Annotations},
  author={Vyas, Yogarshi and Niu, Xing and Carpuat, Marine},
  booktitle=naacl,
  year={2018}
}

@inproceedings{haddow2012analysing,
  title={Analysing the effect of out-of-domain data on SMT systems},
  author={Haddow, Barry and Koehn, Philipp},
  booktitle={Proceedings of the Seventh Workshop on Statistical Machine Translation},
  year={2012}
}

@inproceedings{edunov2018understanding,
  title={Understanding back-translation at scale},
  author={Edunov, Sergey and Ott, Myle and Auli, Michael and Grangier, David},
  booktitle=emnlp,
  year={2018}
}

@inproceedings{minervini2018adversarially,
  title={Adversarially Regularising Neural NLI Models to Integrate Logical Background Knowledge},
  author={Minervini, Pasquale and Riedel, Sebastian},
  booktitle=conll,
  year={2018}
}

@inproceedings{lee2013pseudo,
  title={Pseudo-label: The simple and efficient semi-supervised learning method for deep neural networks},
  author={Lee, Dong-Hyun},
  booktitle={ICML Workshop on Challenges in Representation Learning},
  year={2013}
}

@article{cheng2018seq2sick,
  title={Seq2Sick: Evaluating the Robustness of Sequence-to-Sequence Models with Adversarial Examples},
  author={Cheng, Minhao and Yi, Jinfeng and Zhang, Huan and Chen, Pin-Yu and Hsieh, Cho-Jui},
  journal={arXiv preprint arXiv:1803.01128},
  year={2018}
}

@article{henderson2018adversarial,
  title={Adversarial Gain},
  author={Henderson, Peter and Sinha, Koustuv and Ke, Rosemary Nan and Pineau, Joelle},
  journal={arXiv preprint arXiv:1811.01302},
  year={2018}
}

@article{singh2018hierarchical,
  title={Hierarchical interpretations for neural network predictions},
  author={Singh, Chandan and Murdoch, W James and Yu, Bin},
  journal={arXiv preprint arXiv:1806.05337},
  year={2018}
}

@inproceedings{godin2018explaining,
  title={Explaining Character-Aware Neural Networks for Word-Level Prediction: Do They Discover Linguistic Rules?},
  author={Godin, Fr{\'e}deric and Demuynck, Kris and Dambre, Joni and De Neve, Wesley and Demeester, Thomas},
  booktitle=emnlp,
  year={2018}
}

@article{caruana2017proceedings,
  title={Proceedings of NIPS 2017 Symposium on Interpretable Machine Learning},
  author={Caruana, Rich and Herlands, William and Simard, Patrice and Wilson, Andrew Gordon and Yosinski, Jason},
  journal={arXiv preprint arXiv:1711.09889},
  year={2017}
}

@article{papernot2016crafting,
  title={Crafting adversarial input sequences for recurrent neural networks},
  author={Nicolas Papernot and Patrick D. McDaniel and Ananthram Swami and Richard E. Harang},
  journal={IEEE Military Communications Conference},
  year={2016}
}

@article{kuleshov2018adversarial,
  title={Adversarial Examples for Natural Language Classification Problems},
  author={Kuleshov, Volodymyr and Thakoor, Shantanu and Lau, Tingfung and Ermon, Stefano},
  year={2018}
}

@inproceedings{alzantot2018generating,
  title={Generating Natural Language Adversarial Examples},
  author={Alzantot, Moustafa and Sharma, Yash and Elgohary, Ahmed and Ho, Bo-Jhang and Srivastava, Mani and Chang, Kai-Wei},
  booktitle=emnlp,
  year={2018}
}

@inproceedings{zhao2017generating,
  title={Generating Natural Adversarial Examples},
  author={Zhengli Zhao and Dheeru Dua and Sameer Singh},
  booktitle=iclr,
  year={2017}
}

@article{li2018second,
  title={Second-Order Adversarial Attack and Certifiable Robustness},
  author={Li, Bai and Chen, Changyou and Wang, Wenlin and Carin, Lawrence},
  journal={arXiv preprint arXiv:1809.03113},
  year={2018}
}

@article{yu2018interpreting,
  title={Interpreting Adversarial Robustness: A View from Decision Surface in Input Space},
  author={Yu, Fuxun and Liu, Chenchen and Wang, Yanzhi and Chen, Xiang},
  journal={arXiv preprint arXiv:1810.00144},
  year={2018}
}

@inproceedings{clark2018creative,
  title={Creative Writing with a Machine in the Loop: Case Studies on Slogans and Stories},
  author={Clark, Elizabeth and Ross, Anne Spencer and Tan, Chenhao and Ji, Yangfeng and Smith, Noah A},
  booktitle=iui,
  year={2018},
}

@article{liu2017towards,
  title={Towards better analysis of machine learning models: A visual analytics perspective},
  author={Liu, Shixia and Wang, Xiting and Liu, Mengchen and Zhu, Jun},
  journal={Visual Informatics},
  year={2017}
}

@inproceedings{antifakos2005towards,
  title={Towards improving trust in context-aware systems by displaying system confidence},
  author={Antifakos, Stavros and Kern, Nicky and Schiele, Bernt and Schwaninger, Adrian},
  booktitle={Proceedings of the international conference on Human-computer interaction with mobile devices and services},
  year={2005},
}

@inproceedings{rukzio2006visualization,
  title={Visualization of uncertainty in context aware mobile applications},
  author={Rukzio, Enrico and Hamard, John and Noda, Chie and De Luca, Alexander},
  booktitle={Proceedings of the international conference on Human-computer interaction with mobile devices and services},
  year={2006},
}

@inproceedings{kay2016ish,
  title={When (ish) is my bus?: User-centered visualizations of uncertainty in everyday, mobile predictive systems},
  author={Kay, Matthew and Kola, Tara and Hullman, Jessica R and Munson, Sean A},
  booktitle=chi,
  year={2016},
}

@inproceedings{greis2017designing,
  title={Designing for Uncertainty in HCI: When Does Uncertainty Help?},
  author={Greis, Miriam and Hullman, Jessica and Correll, Michael and Kay, Matthew and Shaer, Orit},
  booktitle=chi,
  year={2017},
}

@article{smith2017evaluating,
  title={Evaluating visual representations for topic understanding and their effects on manually generated labels},
  author={Smith, Alison and Lee, Tak Yeon and Poursabzi-Sangdeh, Forough and Boyd-Graber, Jordan and Elmqvist, Niklas and Findlater, Leah},
  journal=tacl,
  year={2017}
}

@article{acm2017public,
  title={Statement on algorithmic transparency and accountability},
  journal={Public Policy Council},
  author={USACM},
  year={2017}
}

@article{lecun2015deep,
  title={Deep learning},
  author={LeCun, Yann and Bengio, Yoshua and Hinton, Geoffrey},
  journal={Nature},
  year={2015},
  publisher={Nature Publishing Group}
}

@techreport{swartout1983xplain,
  title={Xplain: A system for creating and explaining expert consulting programs.},
  author={Swartout, William R},
  year={1983},
  institution={University of Southern California}
}

@inproceedings{lim2013evaluating,
  title={Evaluating Intelligibility Usage and Usefulness in a Context-Aware Application},
  author={Lim, Brian Y and Dey, Anind K},
  booktitle={International Conference on Human-Computer Interaction},
  year={2013}
}

@inproceedings{grossman2009survey,
  title={A survey of software learnability: metrics, methodologies and guidelines},
  author={Grossman, Tovi and Fitzmaurice, George and Attar, Ramtin},
  booktitle=chi,
  year={2009}
}

@article{ju2008design,
  title={The design of implicit interactions: Making interactive systems less obnoxious},
  author={Ju, Wendy and Leifer, Larry},
  journal={Design Issues},
  year={2008},
}

@article{kim2015ibcm,
  title={{iBCM}: Interactive Bayesian Case Model Empowering Humans via Intuitive Interaction},
  author={Kim, Been and Glassman, Elena and Johnson, Brittney and Shah, Julie},
  year={2015}
}

@article{letham2015interpretable,
  title={Interpretable classifiers using rules and bayesian analysis: Building a better stroke prediction model},
  author={Letham, Benjamin and Rudin, Cynthia and McCormick, Tyler H and Madigan, David and others},
  journal={The Annals of Applied Statistics},
  year={2015}
}

@inproceedings{lakkaraju2016interpretable,
  title={Interpretable decision sets: A joint framework for description and prediction},
  author={Lakkaraju, Himabindu and Bach, Stephen H and Leskovec, Jure},
  booktitle=kdd,
  year={2016}
}

@phdthesis{kim2015interactive,
  title={Interactive and interpretable machine learning models for human machine collaboration},
  author={Kim, Been},
  year={2015},
  school={Massachusetts Institute of Technology}
}

@article{lee2017human,
  title={The human touch: How non-expert users perceive, interpret, and fix topic models},
  author={Lee, Tak Yeon and Smith, Alison and Seppi, Kevin and Elmqvist, Niklas and Boyd-Graber, Jordan and Findlater, Leah},
  journal={International Journal of Human-Computer Studies},
  year={2017}
}

@inproceedings{krause2016interacting,
  title={Interacting with predictions: Visual inspection of black-box machine learning models},
  author={Krause, Josua and Perer, Adam and Ng, Kenney},
  booktitle=chi,
  year={2016}
}

@article{schmidt2017intervention,
  title={Intervention user interfaces: a new interaction paradigm for automated systems},
  author={Schmidt, Albrecht and Herrmann, Thomas},
  journal={Interactions},
  year={2017}
}

@inproceedings{kulesza2009fixing,
  title={Fixing the program my computer learned: Barriers for end users, challenges for the machine},
  author={Kulesza, Todd and Wong, Weng-Keen and Stumpf, Simone and Perona, Stephen and White, Rachel and Burnett, Margaret M and Oberst, Ian and Ko, Andrew J},
  booktitle=iui,
  year={2009}
}

@inproceedings{kulesza2012tell,
  title={Tell me more?: the effects of mental model soundness on personalizing an intelligent agent},
  author={Kulesza, Todd and Stumpf, Simone and Burnett, Margaret and Kwan, Irwin},
  booktitle=chi,
  year={2012}
}

@book{suchman1987plans,
  title={Plans and situated actions: The problem of human-machine communication},
  author={Suchman, Lucy A},
  year={1987},
  publisher={Cambridge university press}
}

@article{miller2017explanation,
  title={Explanation in artificial intelligence: insights from the social sciences},
  author={Miller, Tim},
  journal={arXiv preprint arXiv:1706.07269},
  year={2017}
}

@inproceedings{abdul2018trends,
  title={Trends and trajectories for explainable, accountable and intelligible systems: An hci research agenda},
  author={Abdul, Ashraf and Vermeulen, Jo and Wang, Danding and Lim, Brian Y and Kankanhalli, Mohan},
  booktitle=chi,
  year={2018}
}

@inproceedings{ross2011reduction,
  title={A reduction of imitation learning and structured prediction to no-regret online learning},
  author={Ross, St{\'e}phane and Gordon, Geoffrey and Bagnell, Drew},
  booktitle=aistats,
  year={2011}
}

@article{ross2014reinforcement,
  title={Reinforcement and imitation learning via interactive no-regret learning},
  author={Ross, Stephane and Bagnell, J Andrew},
  journal={arXiv preprint arXiv:1406.5979},
  year={2014}
}

@book{sutton1998introduction,
  title={Introduction to reinforcement learning},
  author={Sutton, Richard S and Barto, Andrew G},
  year={1998}
}

@inproceedings{ott2011finding,
  title={Finding deceptive opinion spam by any stretch of the imagination},
  author={Ott, Myle and Choi, Yejin and Cardie, Claire and Hancock, Jeffrey T},
  booktitle=acl,
  year={2011},
}

@inproceedings{papandrea2017supwsd,
  title={SUPWSD: A Flexible Toolkit for Supervised Word Sense Disambiguation},
  author={Papandrea, Simone and Raganato, Alessandro and Bovi, Claudio Delli},
  booktitle={Proceedings of the Conference on Empirical Methods in Natural Language Processing: System Demonstrations},
  year={2017}
}

@article{kneusel2017improving,
  title={Improving Human-Machine Cooperative Visual Search With Soft Highlighting},
  author={Kneusel, Ronald T and Mozer, Michael C},
  journal={ACM Transactions on Applied Perception},
  year={2017}
}

@article{silver2017mastering,
  title={Mastering the game of Go without human knowledge},
  author={Silver, David and Schrittwieser, Julian and Simonyan, Karen and Antonoglou, Ioannis and Huang, Aja and Guez, Arthur and Hubert, Thomas and Baker, Lucas and Lai, Matthew and Bolton, Adrian and others},
  journal={Nature},
  year={2017}
}

@article{mnih2015human,
  title={Human-level control through deep reinforcement learning},
  author={Mnih, Volodymyr and Kavukcuoglu, Koray and Silver, David and Rusu, Andrei A and Veness, Joel and Bellemare, Marc G and Graves, Alex and Riedmiller, Martin and Fidjeland, Andreas K and Ostrovski, Georg and others},
  journal={Nature},
  year={2015}
}

@inproceedings{he2015delving,
  title={Delving deep into rectifiers: Surpassing human-level performance on imagenet classification},
  author={He, Kaiming and Zhang, Xiangyu and Ren, Shaoqing and Sun, Jian},
  booktitle=iccv,
  year={2015}
}

@inproceedings{daume2009unsupervised,
  title={Unsupervised search-based structured prediction},
  author={{Daum{\'e} III}, Hal},
  booktitle=icml,
  year={2009},
}

@inproceedings{vinson2018human,
  title={Human-Robot Teaming},
  author={Vinson, David W and Takayama, Leila and Forlizzi, Jodi and Ju, Wendy and Cakmak, Maya and Kuzuoka, Hideaki},
  booktitle={Extended Abstracts of the 2018 CHI Conference on Human Factors in Computing Systems},
  year={2018}
}

@article{sidner2005explorations,
  title={Explorations in engagement for humans and robots},
  author={Sidner, Candace L and Lee, Christopher and Kidd, Cory D and Lesh, Neal and Rich, Charles},
  journal={Artificial Intelligence},
  year={2005}
}

@article{ren2016rethinking,
  title={Rethinking the Relationship between Humans and Computers.},
  author={Ren, Xiangshi},
  journal={IEEE Computer},
  year={2016}
}

@article{chakraborti2017ai,
  title={{AI} challenges in human-robot cognitive teaming},
  author={Chakraborti, Tathagata and Kambhampati, Subbarao and Scheutz, Matthias and Zhang, Yu},
  journal={arXiv preprint arXiv:1707.04775},
  year={2017}
}

@article{gunning2017explainable,
  title={Explainable artificial intelligence ({XAI})},
  author={Gunning, David},
  journal={Defense Advanced Research Projects Agency (DARPA), nd Web},
  year={2017}
}

@inproceedings{gajos2008usable,
  title={Usable {AI}: Experience and reflections},
  author={Gajos, Krzysztof Z and Weld, Daniel S},
  booktitle={Proceedings of CHI Workshop on Usable Artificial Intelligence},
  year={2008}
}

@inproceedings{ma2018towards,
  title={Towards Human-Engaged {AI}},
  author={Ma, Xiaojuan},
  booktitle=ijcai,
  year={2018}
} 

@inproceedings{adebayo2018sanity,
  title={Sanity Checks for Saliency Maps},
  author={Adebayo, Julius and Kim, Been and Goodfellow, Ian and Gilmer, Justin and Hardt, Moritz},
  booktitle=nips,
  year={2018}
}

@inproceedings{kim2016examples,
  title={Examples are not enough, learn to criticize! criticism for interpretability},
  author={Kim, Been and Khanna, Rajiv and Koyejo, Oluwasanmi O},
  booktitle=nips,
  year={2016}
}

@article{lombrozo2007simplicity,
  title={Simplicity and probability in causal explanation},
  author={Lombrozo, Tania},
  journal={Cognitive psychology},
  year={2007}
}

@article{lombrozo2006structure,
  title={The structure and function of explanations},
  author={Lombrozo, Tania},
  journal={Trends in cognitive sciences},
  year={2006}
}

@book{ashby1961introduction,
  title={An introduction to cybernetics},
  author={Ashby, W Ross},
  year={1961}
}

@article{allen1999mixed,
  title={Mixed-initiative interaction},
  author={Allen, JE and Guinn, Curry I and Horvtz, E},
  journal={IEEE Intelligent Systems and their Applications},
  year={1999}
}

@inproceedings{horvitz1999principles,
  title={Principles of mixed-initiative user interfaces},
  author={Horvitz, Eric},
  booktitle=chi,
  year={1999}
}

@inproceedings{springenberg2015striving,
  title={Striving for simplicity: The all convolutional net},
  author={Springenberg, Jost Tobias and Dosovitskiy, Alexey and Brox, Thomas and Riedmiller, Martin},
  booktitle=iclr,
  year=2015
}

@article{russakovsky2015imagenet,
  title={{ImageNet} large scale visual recognition challenge},
  author={Russakovsky, Olga and Deng, Jia and Su, Hao and Krause, Jonathan and Satheesh, Sanjeev and Ma, Sean and Huang, Zhiheng and Karpathy, Andrej and Khosla, Aditya and Bernstein, Michael and others},
  journal={International Journal of Computer Vision},
  year={2015}
}

@inproceedings{deng2009imagenet,
  title={{ImageNet}: A large-scale hierarchical image database},
  author={Deng, Jia and Dong, Wei and Socher, Richard and Li, Li-Jia and Li, Kai and Fei-Fei, Li},
  booktitle=cvpr,
  year={2009}
}

@article{marcus1993building,
  title={Building a large annotated corpus of English: The Penn Treebank},
  author={Marcus, Mitchell P and Marcinkiewicz, Mary Ann and Santorini, Beatrice},
  journal={Computational linguistics},
  year={1993}
}

@inproceedings{alvarez2018towards,
  title={Towards Robust Interpretability with Self-Explaining Neural Networks},
  author={Alvarez-Melis, David and Jaakkola, Tommi S},
  booktitle=nips,
  year={2018}
}

@inproceedings{lundberg2017unified,
  title={A unified approach to interpreting model predictions},
  author={Lundberg, Scott M and Lee, Su-In},
  booktitle=nips,
  year={2017}
}

@inproceedings{tibshirani1996lasso,
  title={Regression Shrinkage and Selection via the lasso},
  author={Robert Tibshirani},
  booktitle={Journal of the Royal Statistical Society},
  year={1996}
}

@inproceedings{donoho2006compressed,
  title={Compressed sensing},
  author={David L. Donoho},
  booktitle={IEEE Transactions on Information Theory},
  year={2006}
}

@inproceedings{candes2006recovery,
  title={Near-Optimal Signal Recovery From Random Projections: Universal Encoding Strategies?},
  author={Emmanuel J. Candes and Terence Tao},
  booktitle={IEEE Transactions on Information Theory},
  year={2006}
}

@inproceedings{pearlmutter1994hessian,
  title={Fast Exact Multiplication by the Hessian},
  author={Barak A. Pearlmutter},
  booktitle={Neural Computation},
  year={1994}
}

@inproceedings{agarwal2017second,
  title={Second-Order Stochastic Optimization for Machine Learning in Linear Time},
  author={Naman Agarwal and Brian Bullins and Elad Hazan},
  booktitle=jmlr,
  year={2017}
}

@inproceedings{martens2010second,
  title={Deep learning via Hessian-free optimization},
  author={James Martens},
  booktitle=icml,
  year={2010}
}

@inproceedings{turner2016model,
  title={A model explanation system},
  author={Turner, Ryan},
  booktitle={IEEE International Workshop on Machine Learning for Signal Processing},
  year={2016},
}

@article{solomon2018optimal,
  title={Optimal transport on discrete domains},
  author={Solomon, Justin},
  journal={AMS Short Course on Discrete Differential Geometry},
  year={2018}
}

@inproceedings{madry2018towards,
  title={Towards deep learning models resistant to adversarial attacks},
  author={Madry, Aleksander and Makelov, Aleksandar and Schmidt, Ludwig and Tsipras, Dimitris and Vladu, Adrian},
  booktitle=iclr,
  year={2018}
}

@article{xu2012distributional,
  title={A distributional interpretation of robust optimization},
  author={Xu, Huan and Caramanis, Constantine and Mannor, Shie},
  journal={Mathematics of Operations Research},
  year={2012}
}

@book{ben2009robust,
  title={Robust optimization},
  author={Ben-Tal, Aharon and El Ghaoui, Laurent and Nemirovski, Arkadi},
  year={2009},
  publisher={Princeton University Press}
}

@inproceedings{ratliff2006maximum,
  title={Maximum margin planning},
  author={Ratliff, Nathan D and Bagnell, J Andrew and Zinkevich, Martin A},
  booktitle=icml,
  year={2006}
}

@inproceedings{dabkowski2017real,
  title={Real time image saliency for black box classifiers},
  author={Dabkowski, Piotr and Gal, Yarin},
  booktitle=nips,
  year={2017}
}

@inproceedings{edunov2017classical,
  title={Classical Structured Prediction Losses for Sequence to Sequence Learning},
  author={Edunov, Sergey and Ott, Myle and Auli, Michael and Grangier, David and Ranzato, Marc'Aurelio},
  booktitle=naacl,
  year={2017}
}

@inproceedings{alvarez2018robustness,
  title={On the Robustness of Interpretability Methods},
  author={Alvarez-Melis, David and Jaakkola, Tommi S},
  booktitle={ICML Workshop on Human Interpretability in Machine Learning},
  year={2018}
}

@inproceedings{ross2017right,
  title={Right for the Right Reasons: Training Differentiable Models by Constraining their Explanations},
  author={Andrew Slavin Ross and Michael C. Hughes and Finale Doshi-Velez},
  booktitle=ijcai,
  year={2017}
}

@inproceedings{seo2018highorder,
  title={Noise-adding Methods of Saliency Map as Series of Higher Order Partial Derivative},
  author={Junghoon Seo and Jeongyeol Choe and Jamyoung Koo and Seunghyeon Jeon and Beomsu Kim and Taegyun Jeon},
  booktitle={ICML Workshop on Human Interpretability in Machine Learning},
  year={2018}
}

@inproceedings{papernot2018science,
  title={Towards the Science of Security and Privacy in Machine Learning},
  author={Nicolas Papernot and Patrick McDaniel and Arunesh Sinha and Michael Wellman},
  booktitle={IEEE European Symposium on Security and Privacy},
  year={2018}
}

@inproceedings{ross2018regularizing,
  title={Improving the Adversarial Robustness and Interpretability of Deep Neural Networks by Regularizing their Input Gradients},
  author={Andrew Slavin Ross and Finale Doshi-Velez},
  booktitle=aaai,
  year={2018}
}

@inproceedings{drucker1992double,
  title={Improving generalization performance using double backpropagation},
  author={Harris Drucker and Yann Le Cun},
  booktitle={IEEE Transactions on Neural Networks},
  year={1992}
}

@inproceedings{mikolov2013distributed,
  title={Distributed representations of words and phrases and their compositionality},
  author={Mikolov, Tomas and Sutskever, Ilya and Chen, Kai and Corrado, Greg S and Dean, Jeff},
  booktitle=nips,
  year={2013}
}

@inproceedings{he2016resnet,
 title={Deep Residual Learning for Image Recognition},
 author={Kaiming He and Xiangyu Zhang and Shaoqing Ren and Jian Sun},
 booktitle=cvpr,
 year={2016}
}

@inproceedings{mudrakarta2018understand,
 title={Did the Model Understand the Question?},
 author={Pramod Kaushik Mudrakarta and Ankur Taly and Mukund Sundararajan and Kedar Dhamdhere},
 booktitle=acl,
 year={2018}
}

@inproceedings{rajpurkar2018know,
  title={Know What You Don't Know: Unanswerable Questions for {SQuAD}},
  author={Rajpurkar, Pranav and Jia, Robin and Liang, Percy},
  booktitle=acl,
  year={2018}
}

@inproceedings{gasco2012does,
  title={Does more data always yield better translations?},
  author={Gasc{\'o}, Guillem and Rocha, Martha-Alicia and Sanchis-Trilles, Germ{\'a}n and Andr{\'e}s-Ferrer, Jes{\'u}s and Casacuberta, Francisco},
  booktitle=eacl,
  year={2012},
}

@inproceedings{lu2007improving,
  title={Improving statistical machine translation performance by training data selection and optimization},
  author={Lu, Yajuan and Huang, Jin and Liu, Qun},
  booktitle=conll,
  year={2007}
}

@article{espla2009bitextor,
  title={Bitextor, a free/open-source software to harvest translation memories from multilingual websites},
  author={Espl{\'a}-Gomis, Miquel and Forcada, Mikel L},
  journal={Proceedings of MT Summit XII},
  year={2009}
}

@inproceedings{duh2013adaptation,
  title={Adaptation data selection using neural language models: Experiments in machine translation},
  author={Duh, Kevin and Neubig, Graham and Sudoh, Katsuhito and Tsukada, Hajime},
  booktitle=acl,
  year={2013}
}

@article{martins2017pushing,
  title={Pushing the limits of translation quality estimation},
  author={Martins, Andr{\'e} FT and Junczys-Dowmunt, Marcin and Kepler, Fabio N and Astudillo, Ram{\'o}n and Hokamp, Chris and Grundkiewicz, Roman},
  journal=tacl,
  year={2017}
}

@inproceedings{cui2013bilingual,
  title={Bilingual data cleaning for smt using graph-based random walk},
  author={Cui, Lei and Zhang, Dongdong and Liu, Shujie and Li, Mu and Zhou, Ming},
  booktitle=acl,
  year={2013}
}

@inproceedings{mallinson2017paraphrasing,
  title={Paraphrasing revisited with neural machine translation},
  author={Mallinson, Jonathan and Sennrich, Rico and Lapata, Mirella},
  booktitle=eacl,
  year={2017}
}

@article{munteanu2005improving,
  title={Improving machine translation performance by exploiting non-parallel corpora},
  author={Munteanu, Dragos Stefan and Marcu, Daniel},
  journal={Computational Linguistics},
  year={2005}
}

@phdthesis{axelrod2014data,
  title={Data Selection for Statistical Machine Translation},
  author={Axelrod, Amittai},
  year={2014}
}

@inproceedings{axelrod2015class,
  title={Class-based n-gram language difference models for data selection},
  author={Axelrod, Amittai and Vyas, Yogarshi and Martindale, Marianna and Carpuat, Marine and Hopkins, Johns},
  booktitle={Proceedings of International Workshop on Spoken Language Translation},
  year={2015}
}

@inproceedings{axelrod2011domain,
  title={Domain adaptation via pseudo in-domain data selection},
  author={Axelrod, Amittai and He, Xiaodong and Gao, Jianfeng},
  booktitle=emnlp,
  year={2011},
}

@inproceedings{bouamor2018h2,
  title={{H2@ BUCC18}: Parallel Sentence Extraction from Comparable Corpora Using Multilingual Sentence Embeddings},
  author={Bouamor, Houda and Sajjad, Hassan},
  booktitle={Proceedings of the 11th Workshop on Building and Using Comparable Corpora},
  year={2018}
}

@inproceedings{bertoldi2009domain,
  title={Domain adaptation for statistical machine translation with monolingual resources},
  author={Bertoldi, Nicola and Federico, Marcello},
  booktitle={Proceedings of the Fourth Workshop on Statistical Machine Translation},
  year={2009}
}

@inproceedings{li2010unsupervised,
  title={Unsupervised discriminative language model training for machine translation using simulated confusion sets},
  author={Li, Zhifei and Wang, Ziyuan and Khudanpur, Sanjeev and Eisner, Jason},
  booktitle=coling,
  year={2010}
}

@inproceedings{koehn2017six,
  title={Six challenges for neural machine translation},
  author={Koehn, Philipp and Knowles, Rebecca},
  booktitle={Proceedings of the First Workshop on Neural Machine Translation},
  year={2017}
}

@inproceedings{qi2018and,
  title={When and Why are Pre-trained Word Embeddings Useful for Neural Machine Translation?},
  author={Qi, Ye and Sachan, Devendra Singh and Felix, Matthieu and Padmanabhan, Sarguna Janani and Neubig, Graham},
  booktitle=naacl,
  year={2018}
}

@article{espana2017empirical,
  title={An empirical analysis of {NMT}-derived interlingual embeddings and their use in parallel sentence identification},
  author={Espana-Bonet, Cristina and Varga, Ad{\'a}m Csaba and Barr{\'o}n-Cede{\~n}o, Alberto and van Genabith, Josef},
  journal={IEEE Journal of Selected Topics in Signal Processing},
  year={2017}
}

@inproceedings{van2017dynamic,
  title={Dynamic data selection for neural machine translation},
  author={van der Wees, Marlies and Bisazza, Arianna and Monz, Christof},
  booktitle=emnlp,
  year={2017}
}

@inproceedings{wieting2017learning,
  title={Learning paraphrastic sentence embeddings from back-translated bitext},
  author={Wieting, John and Mallinson, Jonathan and Gimpel, Kevin},
  booktitle=emnlp,
  year={2017}
}

@article{wieting2017pushing,
  title={Pushing the Limits of Paraphrastic Sentence Embeddings with Millions of Machine Translations},
  author={Wieting, John and Gimpel, Kevin},
  journal={arXiv preprint arXiv:1711.05732},
  year={2017}
}

@inproceedings{chen2017cost,
  title={Cost weighting for neural machine translation domain adaptation},
  author={Chen, Boxing and Cherry, Colin and Foster, George and Larkin, Samuel},
  booktitle={Proceedings of the First Workshop on Neural Machine Translation},
  year={2017}
}

@inproceedings{domhan2017using,
  title={Using target-side monolingual data for neural machine translation through multi-task learning},
  author={Domhan, Tobias and Hieber, Felix},
  booktitle=emnlp,
  year={2017}
}

@inproceedings{xu2017zipporah,
  title={Zipporah: a Fast and Scalable Data Cleaning System for Noisy Web-Crawled Parallel Corpora},
  author={Xu, Hainan and Koehn, Philipp},
  booktitle=emnlp,
  year={2017}
}

@article{guo2018effective,
  title={Effective Parallel Corpus Mining using Bilingual Sentence Embeddings},
  author={Guo, Mandy and Shen, Qinlan and Yang, Yinfei and Ge, Heming and Cer, Daniel and Abrego, Gustavo Hernandez and Stevens, Keith and Sung, Yun-Hsuan and Strope, Brian and Kurzweil, Ray},
  journal={arXiv preprint arXiv:1807.11906},
  year={2018}
}

@article{irvine2013measuring,
  title={Measuring machine translation errors in new domains},
  author={Irvine, Ann and Morgan, John and Carpuat, Marine and {Daum{\'e} III}, Hal and Munteanu, Dragos},
  journal=tacl,
  year={2013}
}

@inproceedings{lambert2011investigations,
  title={Investigations on translation model adaptation using monolingual data},
  author={Lambert, Patrik and Schwenk, Holger and Servan, Christophe and Abdul-Rauf, Sadaf},
  booktitle={Proceedings of the Sixth Workshop on Statistical Machine Translation},
  year={2011}
}

@inproceedings{farajian2017neural,
  title={Neural vs. phrase-based machine translation in a multi-domain scenario},
  author={Farajian, M Amin and Turchi, Marco and Negri, Matteo and Bertoldi, Nicola and Federico, Marcello},
  booktitle=eacl,
  year={2017}
}

@inproceedings{sajjad2017neural,
  title={Neural machine translation training in a multi-domain scenario},
  author={Sajjad, Hassan and Durrani, Nadir and Dalvi, Fahim and Belinkov, Yonatan and Vogel, Stephan},
  booktitle={Proceedings of International Workshop on Spoken Language Translation},
  year={2017}
}

@inproceedings{fadaee2017data,
  title={Data augmentation for low-resource neural machine translation},
  author={Fadaee, Marzieh and Bisazza, Arianna and Monz, Christof},
  booktitle=acl,
  year={2017}
}

@article{cotterell2018explaining,
  title={Explaining and Generalizing Back-Translation through Wake-Sleep},
  author={Cotterell, Ryan and Kreutzer, Julia},
  journal={arXiv preprint arXiv:1806.04402},
  year={2018}
}

@inproceedings{currey2017copied,
  title={Copied monolingual data improves low-resource neural machine translation},
  author={Currey, Anna and Barone, Antonio Valerio Miceli and Heafield, Kenneth},
  booktitle={Proceedings of the Second Conference on Machine Translation},
  year={2017}
}

@inproceedings{junczys2016neural,
  title={Is neural machine translation ready for deployment? A case study on 30 translation directions},
  author={Junczys-Dowmunt, Marcin and Dwojak, Tomasz and Hoang, Hieu},
  booktitle={Proceedings of International Workshop on Spoken Language Translation},
  year={2016}
}

@article{crego2016systran,
  title={{SYSTRAN}'s Pure Neural Machine Translation Systems},
  author={Crego, Josep and Kim, Jungi and Klein, Guillaume and Rebollo, Anabel and Yang, Kathy and Senellart, Jean and Akhanov, Egor and Brunelle, Patrice and Coquard, Aurelien and Deng, Yongchao and others},
  journal={arXiv preprint arXiv:1610.05540},
  year={2016}
}

@inproceedings{gehring2017convolutional,
  title={Convolutional sequence to sequence learning},
  author={Gehring, Jonas and Auli, Michael and Grangier, David and Yarats, Denis and Dauphin, Yann N},
  booktitle=icml,
  year={2017}
}

@inproceedings{schwenk2018filtering,
  title={Filtering and Mining Parallel Data in a Joint Multilingual Space},
  author={Schwenk, Holger},
  booktitle=acl,
  year={2018}
}

@inproceedings{barone2017regularization,
  title={Regularization techniques for fine-tuning in neural machine translation},
  author={Barone, Antonio Valerio Miceli and Haddow, Barry and Germann, Ulrich and Sennrich, Rico},
  booktitle=emnlp,
  year={2017}
}

@inproceedings{schwenk2017learning,
  title={Learning joint multilingual sentence representations with neural machine translation},
  author={Schwenk, Holger and Douze, Matthijs},
  booktitle={Proceedings of the Second {ACL} Workshop on Representation Learning for {NLP}},
  year={2017}
}

@article{axelrod2017cynical,
  title={Cynical Selection of Language Model Training Data},
  author={Axelrod, Amittai},
  journal={arXiv preprint arXiv:1709.02279},
  year={2017}
}

@inproceedings{santamaria2017data,
  title={Data Selection with Cluster-Based Language Difference Models and Cynical Selection},
  author={Santamar{\'\i}a, Luc{\'\i}a and Axelrod, Amittai},
  booktitle={Proceedings of International Workshop on Spoken Language Translation},
  year={2017}
}

@inproceedings{wang2017sentence,
  title={Sentence embedding for neural machine translation domain adaptation},
  author={Wang, Rui and Finch, Andrew and Utiyama, Masao and Sumita, Eiichiro},
  booktitle=acl,
  year={2017}
}

@inproceedings{wang2017instance,
  title={Instance weighting for neural machine translation domain adaptation},
  author={Wang, Rui and Utiyama, Masao and Liu, Lemao and Chen, Kehai and Sumita, Eiichiro},
  booktitle=emnlp,
  year={2017}
}

@inproceedings{jiang2007instance,
  title={Instance weighting for domain adaptation in {NLP}},
  author={Jiang, Jing and Zhai, ChengXiang},
  booktitle=acl,
  year={2007}
}

@inproceedings{chu2017empirical,
  title={An empirical comparison of simple domain adaptation methods for neural machine translation},
  author={Chu, Chenhui and Dabre, Raj and Kurohashi, Sadao},
  booktitle=acl,
  year={2017}
}

@inproceedings{luong2015stanford,
  title={Stanford neural machine translation systems for spoken language domains},
  author={Luong, Minh-Thang and Manning, Christopher D},
  booktitle={Proceedings of the International Workshop on Spoken Language Translation},
  year={2015}
}

@inproceedings{britz2017effective,
  title={Effective domain mixing for neural machine translation},
  author={Britz, Denny and Le, Quoc and Pryzant, Reid},
  booktitle={Proceedings of the Second Conference on Machine Translation},
  year={2017}
}

@article{freitag2016fast,
  title={Fast domain adaptation for neural machine translation},
  author={Freitag, Markus and Al-Onaizan, Yaser},
  journal={arXiv preprint arXiv:1612.06897},
  year={2016}
}

@article{wang2017analyzing,
  title={Analyzing the robustness of nearest neighbors to adversarial examples},
  author={Wang, Yizhen and Jha, Somesh and Chaudhuri, Kamalika},
  journal={arXiv preprint arXiv:1706.03922},
  year={2017}
}

@inproceedings{dai2018credit,
  title={From Credit Assignment to Entropy Regularization: Two New Algorithms for Neural Sequence Prediction},
  author={Dai, Zihang and Xie, Qizhe and Hovy, Eduard},
  booktitle=acl,
  year={2018}
}

@inproceedings{khayrallah2018impact,
  title={On the Impact of Various Types of Noise on Neural Machine Translation},
  author={Khayrallah, Huda and Koehn, Philipp},
  booktitle={Proceedings of the Second Workshop on Neural Machine Translation and Generation},
  year={2018}
}

@inproceedings{hoang2018iterative,
  title={Iterative Back-Translation for Neural Machine Translation},
  author={Hoang, Vu Cong Duy and Koehn, Philipp and Haffari, Gholamreza and Cohn, Trevor},
  booktitle={Proceedings of the Second Workshop on Neural Machine Translation and Generation},
  year={2018}
}

@inproceedings{khayrallah2018regularized,
  title={Regularized Training Objective for Continued Training for Domain Adaptation in Neural Machine Translation},
  author={Khayrallah, Huda and Thompson, Brian and Duh, Kevin and Koehn, Philipp},
  booktitle={Proceedings of the Second Workshop on Neural Machine Translation and Generation},
  year={2018}
}

@inproceedings{knowles2018lightweight,
  title={Lightweight Word-Level Confidence Estimation for Neural Interactive Translation Prediction},
  author={Knowles, Rebecca and Koehn, Philipp},
  booktitle={AMTA 2018 Workshop on Translation Quality Estimation and Automatic Post-Editing},
  year={2018}
}

@inproceedings{knowles2018comparison,
  title={A Comparison of Machine Translation Paradigms for Use in Black-Box Fuzzy-Match Repair},
  author={Knowles, Rebecca and Ortega, John and Koeh, Philipp},
  booktitle={AMTA 2018 Workshop on Translation Quality Estimation and Automatic Post-Editing},
  year={2018}
}

@inproceedings{khayrallah2017neural,
  title={Neural Lattice Search for Domain Adaptation in Machine Translation},
  author={Khayrallah, Huda and Kumar, Gaurav and Duh, Kevin and Post, Matt and Koehn, Philipp},
  booktitle=ijcnlp,
  year={2017}
}

@inproceedings{duma2017automatic,
  title={Automatic Threshold Detection for Data Selection in Machine Translation},
  author={Duma, Mirela-Stefania and Menzel, Wolfgang},
  booktitle={Proceedings of the Second Conference on Machine Translation},
  year={2017}
}

@inproceedings{mandal2008efficient,
  title={Efficient data selection for machine translation},
  author={Mandal, Arindam and Vergyri, Dimitra and Wang, Wen and Zheng, Jing and Stolcke, Andreas and Tur, Gokhan and Hakkani-Tur, D and Ayan, Necip Fazil},
  booktitle={Spoken Language Technology Workshop},
  year={2008}
}

@inproceedings{ruder2017learning,
  title={Learning to select data for transfer learning with Bayesian Optimization},
  author={Ruder, Sebastian and Plank, Barbara},
  booktitle=emnlp,
  year={2017}
}

@inproceedings{matsoukas2009discriminative,
  title={Discriminative corpus weight estimation for machine translation},
  author={Matsoukas, Spyros and Rosti, Antti-Veikko I and Zhang, Bing},
  booktitle=emnlp,
  year={2009}
}

@inproceedings{kuleshov2015calibrated,
  title={Calibrated structured prediction},
  author={Kuleshov, Volodymyr and Liang, Percy S},
  booktitle=nips,
  year={2015}
}

@inproceedings{nguyen2015posterior,
  title={Posterior calibration and exploratory analysis for natural language processing models},
  author={Nguyen, Khanh and O'Connor, Brendan},
  booktitle=emnlp,
  year={2015}
}

@article{uesato2018adversarial,
  title={Adversarial risk and the dangers of evaluating against weak attacks},
  author={Uesato, Jonathan and O'Donoghue, Brendan and Oord, Aaron van den and Kohli, Pushmeet},
  journal={arXiv preprint arXiv:1802.05666},
  year={2018}
}

@inproceedings{lakshminarayanan2017simple,
  title={Simple and scalable predictive uncertainty estimation using deep ensembles},
  author={Lakshminarayanan, Balaji and Pritzel, Alexander and Blundell, Charles},
  booktitle=nips,
  year={2017}
}

@inproceedings{liang2017enhancing,
  title={Enhancing the reliability of out-of-distribution image detection in neural networks},
  author={Liang, Shiyu and Li, Yixuan and Srikant, R},
  booktitle=iclr,
  year={2018}
}

@inproceedings{subramanya2017confidence,
  title={Confidence estimation in Deep Neural networks via density modelling},
  author={Subramanya, Akshayvarun and Srinivas, Suraj and Babu, R Venkatesh},
  booktitle={International Conference on Multimedia and Expo},
  year={2017}
}

@article{mandelbaum2017distance,
  title={Distance-based Confidence Score for Neural Network Classifiers},
  author={Mandelbaum, Amit and Weinshall, Daphna},
  journal={arXiv preprint arXiv:1709.09844},
  year={2017}
}

@inproceedings{devries2018learning,
  title={Learning Confidence for Out-of-Distribution Detection in Neural Networks},
  author={DeVries, Terrance and Taylor, Graham W},
  booktitle=iclr,
  year={2018}
}

@inproceedings{lee2017training,
  title={Training confidence-calibrated classifiers for detecting out-of-distribution samples},
  author={Lee, Kimin and Lee, Honglak and Lee, Kibok and Shin, Jinwoo},
  booktitle=iclr,
  year={2017}
}

@inproceedings{fong2017interpretable,
  title={Interpretable explanations of black boxes by meaningful perturbation},
  author={Fong, Ruth C and Vedaldi, Andrea},
  booktitle=iccv,
  year={2017}
}

@inproceedings{hooker2018evaluating,
  title={Evaluating Feature Importance Estimates},
  author={Hooker, Sara and Erhan, Dumitru and Kindermans, Pieter-Jan and Kim, Been},
  booktitle={ICML Workshop on Human Interpretability in Machine Learning},
  year={2018}
}

@inproceedings{hafner2018reliable,
  title={Reliable Uncertainty Estimates in Deep Neural Networks using Noise Contrastive Priors},
  author={Hafner, Danijar and Tran, Dustin and Irpan, Alex and Lillicrap, Timothy and Davidson, James},
  booktitle={ICML Workshop on Theoretical Foundations and Applications of Deep Generative Models},
  year={2018}
}

@article{chen2018confidence,
  title={Confidence Scoring Using Whitebox Meta-models with Linear Classifier Probes},
  author={Chen, Tongfei and Navr{\'a}til, Ji{\v{r}}{\'\i} and Iyengar, Vijay and Shanmugam, Karthikeyan},
  journal={arXiv preprint arXiv:1805.05396},
  year={2018}
}

@inproceedings{kuleshov2018accurate,
  title={Accurate Uncertainties for Deep Learning Using Calibrated Regression},
  author={Kuleshov, Volodymyr and Fenner, Nathan and Ermon, Stefano},
  booktitle=icml,
  year={2018}
}

@inproceedings{ma2018characterizing,
  title={Characterizing adversarial subspaces using local intrinsic dimensionality},
  author={Ma, Xingjun and Li, Bo and Wang, Yisen and Erfani, Sarah M and Wijewickrema, Sudanthi and Houle, Michael E and Schoenebeck, Grant and Song, Dawn and Bailey, James},
  booktitle=iclr,
  year={2018}
}

@inproceedings{morcos2018insights,
  title={Insights on representational similarity in neural networks with canonical correlation},
  author={Morcos, Ari S and Raghu, Maithra and Bengio, Samy},
  booktitle=nips,
  year={2018}
}

@inproceedings{raghu2017svcca,
  title={{SVCCA}: Singular vector canonical correlation analysis for deep learning dynamics and interpretability},
  author={Raghu, Maithra and Gilmer, Justin and Yosinski, Jason and Sohl-Dickstein, Jascha},
  booktitle=nips,
  year={2017}
}

@inproceedings{li2018measuring,
  title={Measuring the intrinsic dimension of objective landscapes},
  author={Li, Chunyuan and Farkhoor, Heerad and Liu, Rosanne and Yosinski, Jason},
  booktitle=iclr,
  year={2018}
}

@inproceedings{sinha2018certifying,
  title={Certifying some distributional robustness with principled adversarial training},
  author={Sinha, Aman and Namkoong, Hongseok and Duchi, John},
  booktitle=iclr,
  year={2018}
}

@article{tsipras2018there,
  title={There Is No Free Lunch In Adversarial Robustness (But There Are Unexpected Benefits)},
  author={Tsipras, Dimitris and Santurkar, Shibani and Engstrom, Logan and Turner, Alexander and M{\k{a}}dry, Aleksander},
  journal={arXiv preprint arXiv:1805.12152},
  year={2018}
}

@article{schmidt2018adversarially,
  title={Adversarially Robust Generalization Requires More Data},
  author={Schmidt, Ludwig and Santurkar, Shibani and Tsipras, Dimitris and Talwar, Kunal and M{\k{a}}dry, Aleksander},
  journal={arXiv preprint arXiv:1804.11285},
  year={2018}
}

@inproceedings{tramer2018ensemble,
  title={Ensemble adversarial training: Attacks and defenses},
  author={Tram{\`e}r, Florian and Kurakin, Alexey and Papernot, Nicolas and Goodfellow, Ian and Boneh, Dan and McDaniel, Patrick},
  booktitle=iclr,
  year={2018}
}

@inproceedings{papernot2017practical,
  title={Practical black-box attacks against machine learning},
  author={Papernot, Nicolas and McDaniel, Patrick and Goodfellow, Ian and Jha, Somesh and Celik, Z Berkay and Swami, Ananthram},
  booktitle={Proceedings of the 2017 ACM on Asia Conference on Computer and Communications Security},
  year={2017}
}

@inproceedings{athalye2018obfuscated,
  title={Obfuscated gradients give a false sense of security: Circumventing defenses to adversarial examples},
  author={Athalye, Anish and Carlini, Nicholas and Wagner, David},
  booktitle=icml,
  year={2018}
}

@article{engstrom2017rotation,
  title={A rotation and a translation suffice: Fooling {CNNs} with simple transformations},
  author={Engstrom, Logan and Tsipras, Dimitris and Schmidt, Ludwig and M{\k{a}}dry, Aleksander},
  journal={arXiv preprint arXiv:1712.02779},
  year={2017}
}

@article{fawzi2015manitest,
  title={Manitest: Are classifiers really invariant?},
  author={Fawzi, Alhussein and Frossard, Pascal},
  journal={arXiv preprint arXiv:1507.06535},
  year={2015}
}

@article{azulay2018deep,
  title={Why do deep convolutional networks generalize so poorly to small image transformations?},
  author={Azulay, Aharon and Weiss, Yair},
  journal={arXiv preprint arXiv:1805.12177},
  year={2018}
}

@inproceedings{biggio2013evasion,
  title={Evasion attacks against machine learning at test time},
  author={Biggio, Battista and Corona, Igino and Maiorca, Davide and Nelson, Blaine and {\v{S}}rndi{\'c}, Nedim and Laskov, Pavel and Giacinto, Giorgio and Roli, Fabio},
  booktitle={Joint European Conference on Machine Learning and Knowledge Discovery in Databases},
  year={2013}
}

@inproceedings{globerson2006nightmare,
  title={Nightmare at test time: robust learning by feature deletion},
  author={Globerson, Amir and Roweis, Sam},
  booktitle=icml,
  year={2006}
}

@inproceedings{dalvi2004adversarial,
  title={Adversarial classification},
  author={Dalvi, Nilesh and Domingos, Pedro and Sanghai, Sumit and Verma, Deepak and others},
  booktitle=kdd,
  year={2004}
}

@inproceedings{ott2018analyzing,
  title={Analyzing uncertainty in neural machine translation},
  author={Ott, Myle and Auli, Michael and Granger, David and Ranzato, Marc'Aurelio},
  booktitle=icml,
  year={2018}
}

@inproceedings{buck2017ask,
  title={Ask the right questions: Active question reformulation with reinforcement learning},
  author={Buck, Christian and Bulian, Jannis and Ciaramita, Massimiliano and Gajewski, Wojciech and Gesmundo, Andrea and Houlsby, Neil and Wang, Wei},
  booktitle=iclr,
  year={2017}
}

@phdthesis{gysel2017remedies,
  title={Remedies against the vocabulary gap in information retrieval},
  author={Van Gysel, Christophe},
  school={Universiteit van Amsterdam},
  year={2017}
}

@inproceedings{nogueira2017task,
  title={Task-oriented query reformulation with reinforcement learning},
  author={Nogueira, Rodrigo and Cho, Kyunghyun},
  booktitle=emnlp,
  year={2017}
}

@article{ba2016layer,
  title={Layer normalization},
  author={Ba, Jimmy Lei and Kiros, Jamie Ryan and Hinton, Geoffrey E},
  journal={arXiv preprint arXiv:1607.06450},
  year={2016}
}

@inproceedings{press2017using,
  title={Using the output embedding to improve language models},
  author={Press, Ofir and Wolf, Lior},
  booktitle=eacl,
  year={2017}
}

@article{sennrich2017wmt,
  title={The University of Edinburgh's Neural MT Systems for WMT17},
  author={Sennrich, Rico and Birch, Alexandra and Currey, Anna and Germann, Ulrich and Haddow, Barry and Heafield, Kenneth and Barone, Antonio Valerio Miceli and Williams, Philip},
  journal={arXiv preprint arXiv:1708.00726},
  year={2017}
}

@article{shafer2008tutorial,
  title={A Tutorial on Conformal Prediction},
  author={Glenn Shafer and Vladimir Vovk},
  journal=jmlr,
  year={2008}
}

@inproceedings{hu2004mining,
  title={Mining and summarizing customer reviews},
  author={Minqing Hu and Bing Liu},
  booktitle=kdd,
  year={2004}
}

@article{yuan2017adversarial,
  title={Adversarial Examples: Attacks and Defenses for Deep Learning},
  author={Xiaoyong Yuan and Pan He and Qile Zhu and Rajendra Rana Bhat and Xiaolin Li},
  journal={arXiv preprint arXiv: 1712.07107},
  year={2017}
}

@inproceedings{jiang2018trust,
  title={To Trust Or Not To Trust A Classifier},
  author={Heinrich Jiang and Been Kim and Maya R. Gupta},
  booktitle=nips,
  year={2018}
}

@inproceedings{zeiler2014visualizing,
  title={Visualizing and Understanding Convolutional Networks},
  author={Matthew D. Zeiler and Rob Fergus},
  booktitle=eccv,
  year={2014}
}

@inproceedings{mahendran2015understanding,
  title={Understanding deep image representations by inverting them},
  author={Aravindh Mahendran and Andrea Vedaldi},
  booktitle=cvpr,
  year={2015},
}

@techreport{radford2018improving,
  title={Improving Language Understanding by Generative Pre-Training},
  author={Alec Radford and Karthik Narasimhan and Tim Salimans and Ilya Sutskever},
  year={2018}
}

@article{bentley1975kdtree,
  title={Multidimensional Binary Search Trees Used for Associative Searching},
  author={Jon Louis Bentley},
  journal={Communications of the ACM},
  year={1975}
}

@inproceedings{gionis1999lsh,
  title={Similarity Search in High Dimensions via Hashing},
  author={Aristides Gionis and Piotr Indyk and Rajeev Motwani},
  booktitle=vldb,
  year={1999}
}

@inproceedings{klein1989biases,
  author={Gary A. Klein},
  title={Do decision biases explain too much},
  booktitle={Proceedings of the Human Factors and Ergonomics Society},
  year={1989},
}

@inproceedings{gutmann2010noisecontrastive,
  title={Noise-contrastive estimation: A new estimation principle for unnormalized statistical models},
  author={Michael Gutmann and Aapo Hyv{\"a}rinen},
  booktitle=aistats,
  year={2010}
}

@inproceedings{pang2004subj,
  title={A Sentimental Education: Sentiment Analysis Using Subjectivity Summarization Based on Minimum Cuts},
  author={Bo Pang and Lillian Lee},
  booktitle=acl,
  year={2004}
}

@inproceedings{wiebe2005mpqa,
  title={Annotating Expressions of Opinions and Emotions in Language},
  author={Janyce Wiebe and Theresa Wilson and Claire Cardie},
  booktitle=lrec,
  year={2005}
}

@inproceedings{wallace2018trick,
  title={Trick Me If You Can: Adversarial Writing of Trivia Challenge Questions},
  author={Wallace, Eric and Boyd-Graber, Jordan},
  booktitle={Proceedings of ACL 2018 Student Research Workshop},
  year={2018}
}

@inproceedings{li2002trec,
  title={Learning Question Classifiers},
  author={Xin Li and Dan Roth},
  booktitle=coling,
  year={2002}
}

@inproceedings{williams2018challenge,
  title={A Broad-Coverage Challenge Corpus for Sentence Understanding through Inference},
  author={Adina Williams and Nikita Nangia and Samuel R. Bowman},
  booktitle=naacl,
  year={2018}
}

@inproceedings{zhang2017mixup,
  title={mixup: Beyond Empirical Risk Minimization},
  author={Hongyi Zhang and Moustapha Ciss{\'e} and Yann Dauphin and David Lopez-Paz},
  booktitle=iclr,
  year={2017}
}

@article{strobelt2018seqviz,
  author={Hendrik Strobelt and Sebastian Gehrmann and Michael Behrisch and Adam Perer and Hanspeter Pfister and Alexander M. Rush},
  title={{Seq2Seq-Vis}: A Visual Debugging Tool for Sequence-to-Sequence Models},
  journal={arXiv preprint arXiv: 1804.09299},
  year={2018}
}

@article{strobelt2016lstmviz,
  title={{LSTMVis}: A Tool for Visual Analysis of Hidden State Dynamics in Recurrent Neural Networks},
  author={Hendrik Strobelt and Sebastian Gehrmann and Hanspeter Pfister and Alexander M. Rush},
  journal={arXiv preprint arXiv: 1606.07461},
  year={2016}
}

@inproceedings{feng2018rawr,
  title={Pathologies of Neural Models Make Interpretations Difficult},
  author={Shi Feng and Eric Wallace and Alvin {Grissom II} and Mohit Iyyer and Pedro Rodriguez and Jordan Boyd-Graber},
  booktitle=emnlp,
  year={2018}
}

@article{zhao2018retrieval,
  title={Retrieval-Augmented Convolutional Neural Networks for Improved Robustness against Adversarial Examples
},
  author={Jake Zhao and Kyunghyun Cho},
  journal={arXiv preprint arXiv: 1802.09502},
  year={2018}
}

@article{kim2014convolutional,
  title={Convolutional neural networks for sentence classification},
  author={Yoon Kim},
  journal=emnlp,
  year={2014}
}

@inproceedings{gu2016copy,
  title={Incorporating Copying Mechanism in Sequence-to-Sequence Learning},
  author={Jiatao Gu and Zhengdong Lu and Hang Li and Victor O. K. Li},
  booktitle=acl,
  year={2016}
}

@inproceedings{gu2018universal,
  title={Universal Neural Machine Translation for Extremely Low Resource Languages},
  author={Jiatao Gu and Hany Hassan and Jacob Devlin and Victor O. K. Li},
  booktitle=naacl,
  year={2018}
}

@inproceedings{rajani2017stacking,
  title={Stacking With Auxiliary Features for Entity Linking in the Medical Domain},
  author={Nazneen Fatema Rajani and Mihaela A. Bornea and Ken Barker},
  booktitle={BioNLP},
  year={2017}
}

@inproceedings{rao2017biomedical,
  title={Biomedical Event Extraction using Abstract Meaning Representation},
  author={Sudha Rao and Daniel Marcu and Kevin Knight and Hal {Daum{\'e} III}},
  booktitle={BioNLP},
  year={2017}
}

@article{keretna2014classification,
  title={Classification ensemble to improve medical Named Entity Recognition},
  author={Sara Keretna and Chee Peng Lim and Douglas C. Creighton and Khaled Bashir Shaban},
  journal={2014 IEEE International Conference on Systems, Man, and Cybernetics (SMC)},
  year={2014}
}

@article{keretna2015enhancement,
  title={Enhancement of Medical Named Entity Recognition Using Graph-Based Features},
  author={Sara Keretna and Chee Peng Lim and Douglas C. Creighton},
  journal={2015 IEEE International Conference on Systems, Man, and Cybernetics},
  year={2015}
}

@inproceedings{bellon2017one,
  title={One model per entity: using hundreds of machine learning models to recognize and normalize biomedical names in text},
  author={Victor Bellon and Raul Rodriguez-Esteban},
  booktitle={BiomedicalNLP@RANLP},
  year={2017}
}

@article{krauthammer2004term,
  title={Term Identification in the Biomedical Literature},
  author={Michael Krauthammer and Goran Nenadic},
  journal={Journal of Biomedical Informatics},
  year={2004}
}

@inproceedings{wmt17biomedical,
  title={Findings of the WMT 2017 biomedical translation shared task},
  author={Yepes, Antonio Jimeno and N{\'e}v{\'e}ol, Aur{\'e}lie and Neves, Mariana and Verspoor, Karin and Bojar, Ondrej and Boyer, Arthur and Grozea, Cristian and Haddow, Barry and Kittner, Madeleine and Lichtblau, Yvonne and others},
  booktitle = {Proceedings of the Second Conference on Machine Translation, volumn 2: Shared Task Papers},
  pages={234--247},
  year={2017}
}

@InProceedings{wmt17,
  author    = {Bojar, Ond\v{r}ej  and  Chatterjee, Rajen  and  Federmann, Christian  and  Graham, Yvette  and  Haddow, Barry  and  Huang, Shujian  and  Huck, Matthias  and  Koehn, Philipp  and  Liu, Qun  and  Logacheva, Varvara  and  Monz, Christof  and  Negri, Matteo  and  Post, Matt  and  Rubino, Raphael  and  Specia, Lucia  and  Turchi, Marco},
  title     = {Findings of the 2017 Conference on Machine Translation (WMT17)},
  booktitle = {Proceedings of the Second Conference on Machine Translation, volumn 2: Shared Task Papers},
  month     = {September},
  year      = {2017},
  address   = {Copenhagen, Denmark},
  publisher = {Association for Computational Linguistics},
  pages     = {169--214},
  url       = {http://www.aclweb.org/anthology/W17-4717}
}


@InProceedings{wmt16,
  author    = {Bojar, Ond\v{r}ej  and  Chatterjee, Rajen  and  Federmann, Christian  and  Graham, Yvette  and  Haddow, Barry  and  Huck, Matthias  and  Jimeno Yepes, Antonio  and  Koehn, Philipp  and  Logacheva, Varvara  and  Monz, Christof  and  Negri, Matteo  and  Neveol, Aurelie  and  Neves, Mariana  and  Popel, Martin  and  Post, Matt  and  Rubino, Raphael  and  Scarton, Carolina  and  Specia, Lucia  and  Turchi, Marco  and  Verspoor, Karin  and  Zampieri, Marcos},
  title     = {Findings of the 2016 Conference on Machine Translation},
  booktitle = {Proceedings of the First Conference on Machine Translation},
  month     = {August},
  year      = {2016},
  address   = {Berlin, Germany},
  publisher = {Association for Computational Linguistics},
  pages     = {131--198},
  url       = {http://www.aclweb.org/anthology/W/W16/W16-2301}
}


@InProceedings{wmt14,
  author    = {Bojar, Ondrej  and  Buck, Christian  and  Federmann, Christian  and  Haddow, Barry  and  Koehn, Philipp  and  Leveling, Johannes  and  Monz, Christof  and  Pecina, Pavel  and  Post, Matt  and  Saint-Amand, Herve  and  Soricut, Radu  and  Specia, Lucia  and  Tamchyna, Ale\v{s}},
  title     = {Findings of the 2014 Workshop on Statistical Machine Translation},
  booktitle = {Proceedings of the Ninth Workshop on Statistical Machine Translation},
  month     = {June},
  year      = {2014},
  address   = {Baltimore, Maryland, USA},
  publisher = {Association for Computational Linguistics},
  pages     = {12--58},
  url       = {http://www.aclweb.org/anthology/W/W14/W14-3302}
}

@inproceedings{niu2017study,
  title={A Study of Style in Machine Translation: Controlling the Formality of Machine Translation Output},
  author={Xing Niu and Marianna J. Martindale and Marine Carpuat},
  booktitle=emnlp,
  year={2017}
}

@inproceedings{dusek2014khresmoi,
  title={Machine Translation of Medical Texts in the Khresmoi Project},
  author={Ondrej Dusek and Jan Hajic and Jaroslava Hlav{\'a}cov{\'a} and Michal Nov{\'a}k and Pavel Pecina and Rudolf Rosa and Ales Tamchyna and Zdenka Uresov{\'a} and Daniel Zeman},
  booktitle={WMT@ACL},
  year={2014}
}

@inproceedings{eck2004improving,
  title={Improving Statistical Machine Translation in the Medical Domain using the Unified Medical Language system},
  author={Matthias Eck and Stephan Vogel and Alexander H. Waibel},
  booktitle=coling,
  year={2004}
}

@inproceedings{tiedemann2009opus,
  title={News from {OPUS} â€” A Collection of Multilingual Parallel Corpora with Tools and Interfaces},
  author={J{\"o}rg Tiedemann},
  booktitle={Recent Advances in Natural Language Processing},
  year={2009}
}

@article{wolk2015neural,
  title={Neural-based machine translation for medical text domain. Based on European Medicines Agency leaflet texts},
  author={Krzysztof Wolk and Krzysztof Marasek},
  journal={arXiv preprint arXiv: 1509.08644},
  year={2015}
}

@article{kirchhoff2011application,
  title={Application of statistical machine translation to public health information: a feasibility study},
  author={Katrin Kirchhoff and Anne M. Turner and Amittai Axelrod and Francisco Saavedra},
  journal={Journal of the American Medical Informatics Association : JAMIA},
  year={2011}
}

@inproceedings{vaswani2017attention,
  title={Attention is All you Need},
  author={Ashish Vaswani and Noam Shazeer and Niki Parmar and Jakob Uszkoreit and Llion Jones and Aidan N. Gomez and Lukasz Kaiser and Illia Polosukhin},
  booktitle=nips,
  year={2017}
}

@inproceedings{federmann2010appraise,
  title={Appraise: An Open-Source Toolkit for Manual Phrase-Based Evaluation of Translations},
  author={Christian Federmann},
  booktitle=lrec,
  year={2010}
}

@inproceedings{cho2014learning,
  title={Learning Phrase Representations using {RNN} Encoder-Decoder for Statistical Machine Translation},
  author={Kyunghyun Cho and Bart van Merrienboer and Ã‡aglar G{\"u}lÃ§ehre and Dzmitry Bahdanau and Fethi Bougares and Holger Schwenk and Yoshua Bengio},
  booktitle=emnlp,
  year={2014}
}

@article{glehre2015monolingual,
  title={On Using Monolingual Corpora in Neural Machine Translation},
  author={Ã‡aglar G{\"u}lÃ§ehre and Orhan Firat and Kelvin Xu and Kyunghyun Cho and Lo{\"i}c Barrault and Huei-Chi Lin and Fethi Bougares and Holger Schwenk and Yoshua Bengio},
  journal={arXiv preprint arXiv: 1503.03535},
  year={2015}
}

@inproceedings{jean2015olarge,
  title={On Using Very Large Target Vocabulary for Neural Machine Translation},
  author={S{\'e}bastien Jean and Kyunghyun Cho and Roland Memisevic and Yoshua Bengio},
  booktitle={ACL},
  year={2015}
}

@inproceedings{kalchbrenner2013recurrent,
  title={Recurrent Continuous Translation Models},
  author={Nal Kalchbrenner and Phil Blunsom},
  booktitle=emnlp,
  year={2013}
}

@inproceedings{luong2015addressing,
  title={Addressing the Rare Word Problem in Neural Machine Translation},
  author={Thang Luong and Ilya Sutskever and Quoc V. Le and Oriol Vinyals and Wojciech Zaremba},
  booktitle=acl,
  year={2015}
}

@inproceedings{papineni2002bleu,
  title={{BLEU}: a Method for Automatic Evaluation of Machine Translation},
  author={Kishore Papineni and Salim Roukos and Todd Ward and Wei-Jing Zhu},
  booktitle=acl,
  year={2002}
}

@inproceedings{ramachandran2017unsupervised,
  title={Unsupervised Pretraining for Sequence to Sequence Learning},
  author={Prajit Ramachandran and Peter J. Liu and Quoc V. Le},
  booktitle=emnlp,
  year={2017}
}

@inproceedings{sennrich2016improving,
  title={Improving Neural Machine Translation Models with Monolingual Data},
  author={Rico Sennrich and Barry Haddow and Alexandra Birch},
  booktitle=acl,
  year={2016}
}

@inproceedings{sennrich2016bpe,
  title={Neural Machine Translation of Rare Words with Subword Units},
  author={Rico Sennrich and Barry Haddow and Alexandra Birch},
  booktitle=acl,
  year={2016}
}

@inproceedings{shen2016minimum,
  title={Minimum Risk Training for Neural Machine Translation},
  author={Shiqi Shen and Yong Cheng and Zhongjun He and Wei He and Hua Wu and Maosong Sun and Yang Liu},
  booktitle=acl,
  year={2016}
}

@inproceedings{zhang2016exploiting,
  title={Exploiting Source-side Monolingual Data in Neural Machine Translation},
  author={Jiajun Zhang and Chengqing Zong},
  booktitle=emnlp,
  year={2016}
}

@inproceedings{firat2016multiway,
  title={Multi-Way, Multilingual Neural Machine Translation with a Shared Attention Mechanism},
  author={Orhan Firat and Kyunghyun Cho and Yoshua Bengio},
  booktitle=naacl,
  year={2016}
}

@inproceedings{kim2016sequence,
  title={Sequence-Level Knowledge Distillation},
  author={Yoon Kim and Alexander M. Rush},
  booktitle=emnlp,
  year={2016}
}

@inproceedings{zoph2016transfer,
  title={Transfer Learning for Low-Resource Neural Machine Translation},
  author={Barret Zoph and Deniz Yuret and Jonathan May and Kevin Knight},
  booktitle=emnlp,
  year={2016}
}

@inproceedings{luong2015effective,
  title={Effective Approaches to Attention-based Neural Machine Translation},
  author={Thang Luong and Hieu Pham and Christopher D. Manning},
  booktitle=emnlp,
  year={2015}
}

@inproceedings{sutskever2014sequence,
  title={Sequence to Sequence Learning with Neural Networks},
  author={Ilya Sutskever and Oriol Vinyals and Quoc V. Le},
  booktitle=nips,
  year={2014}
}

@article{bahdanau2014nmt,
  title={Neural Machine Translation by Jointly Learning to Align and Translate},
  author={Dzmitry Bahdanau and Kyunghyun Cho and Yoshua Bengio},
  journal={arXiv preprint arXiv: 1409.0473},
  year={2014}
}

@inproceedings{he2016dual,
  title={Dual Learning for Machine Translation},
  author={Di He and Yingce Xia and Tao Qin and Liwei Wang and Nenghai Yu and Tie-Yan Liu and Wei-Ying Ma},
  booktitle=nips,
  year={2016}
}

@inproceedings{koehn2003smt,
  title={Statistical Phrase-Based Translation},
  author={Philipp Koehn and Franz Josef Och and Daniel Marcu},
  booktitle=naacl,
  year={2003}
}

@inproceedings{eisele2010multiun,
  title={{MultiUN}: A Multilingual Corpus from United Nation Documents},
  author={Andreas Eisele and Yu Chen},
  booktitle=lrec,
  year={2010}
}

@inproceedings{cheng2016semi,
  title={Semi-Supervised Learning for Neural Machine Translation},
  author={Yong Cheng and Wei Xu and Zhongjun He and Wei He and Hua Wu and Maosong Sun and Yang Liu},
  booktitle=acl,
  year={2016}
}

@inproceedings{zhang2018joint,
  title={Joint Training for Neural Machine Translation Models with Monolingual Data},
  author={Zhirui Zhang and Shujie Liu and Mu Li and Ming Zhou and Enhong Chen},
  booktitle=aaai,
  year={2018}
}

@inproceedings{ren2018triangular,
  title={Triangular Architecture for Rare Language Translation},
  author={Shuo Ren and Wenhu Chen and Shujie Liu and Mu Li and Ming Zhou and Shuai Ma},
  booktitle=acl,
  year={2018}
}

@article{gage1994new,
  title = {A New Algorithm for Data Compression},
  author={Philip Gage},
  journal={C Users Journal},
  year={1994}
}

@inproceedings{arthur2016incorporating,
  title={Incorporating Discrete Translation Lexicons into Neural Machine Translation},
  author={Philip Arthur and Graham Neubig and Satoshi Nakamura},
  booktitle=emnlp,
  year={2016}
}

@inproceedings{alvarezmelis2017causal,
  title={A causal framework for explaining the predictions of black-box sequence-to-sequence models},
  author={David Alvarez-Melis and Tommi S. Jaakkola},
  booktitle=emnlp,
  year={2017}
}

@article{dasgupta2018evaluating,
  title={Evaluating Compositionality in Sentence Embeddings},
  author={Ishita Dasgupta and Demi Guo and Andreas Stuhlm{\"u}ller and Samuel Gershman and Noah D. Goodman},
  journal={arXiv preprint arXiv: 1802.04302},
  year={2018}
}

@article{tsuchiya2018performance,
  title={Performance Impact Caused by Hidden Bias of Training Data for Recognizing Textual Entailment},
  author={Masatoshi Tsuchiya},
  journal={arXiv preprint arXiv: 1804.08117},
  year={2018}
}

@article{smith2018understanding,
  title={Understanding Measures of Uncertainty for Adversarial Example Detection},
  author={Lewis Smith and Yarin Gal},
  journal={arXiv preprint arXiv: 1803.08533},
  year={2018}
}

@article{liang2017deep,
  title={Deep Text Classification Can be Fooled},
  author={Bin Liang and Hongcheng Li and Miaoqiang Su and Pan Bian and Xirong Li and Wenchang Shi},
  journal={arXiv preprint arXiv: 1704.08006},
  year={2017}
}

@article{nips2018qbcomp,
  editor={Sergio Escalera and Markus Weimer},
  title={Human-Computer Question Answering: The Case for Quizbowl},
  author={Jordan Boyd-Graber and Shi Feng and Pedro Rodriguez},
  journal={The NIPS '17 Competition: Building Intelligent Systems},
  publisher={Springer},
  year={2018},
}

@article{papernot2018dknn,
  title={Deep k-Nearest Neighbors: Towards Confident, Interpretable and Robust Deep Learning},
  author={Nicolas Papernot and Patrick D. McDaniel},
  journal={arXiv preprint arXiv: 1803.04765},
  year={2018}
}

@article{antunes2008structuring,
  title={Structuring dimensions for collaborative systems evaluation},
  author={Pedro E Antunes and Valeria Herskovic and Sergio F. Ochoa and Jos{\'e} A. Pino},
  journal={ACM Computing Surveys},
  year={2008},
}

@inproceedings{williams2016axis,
  title={Axis: Generating explanations at scale with learnersourcing and machine learning},
  author={Williams, Joseph Jay and Kim, Juho and Rafferty, Anna and Maldonado, Samuel and Gajos, Krzysztof Z and Lasecki, Walter S and Heffernan, Neil},
  booktitle={Proceedings of the Third (2016) ACM Conference on Learning@ Scale},
  year={2016}
}

@article{gdpr,
  author="{European Parliament and Council of the European Union}",
  title={General data protection regulation},
  year={2016}
}

@inproceedings{arras2016explaining,
  title={Explaining Predictions of Non-Linear Classifiers in {NLP}},
  author={Leila Arras and Franziska Horn and Gr{\'e}goire Montavon and Klaus-Robert M{\"u}ller and Wojciech Samek},
  booktitle={Workshop on Representation Learning for {NLP}},
  year={2016}
}

@inproceedings{arras2017explaining,
  title={Explaining Recurrent Neural Network Predictions in Sentiment Analysis},
  author={Leila Arras and Gr{\'e}goire Montavon and Klaus-Robert M{\"u}ller and Wojciech Samek},
  booktitle={WASSA@EMNLP},
  year={2017}
}

@inproceedings{li2016visualizing,
  title={Visualizing and Understanding Neural Models in {NLP}},
  author={Jiwei Li and Xinlei Chen and Eduard H. Hovy and Daniel Jurafsky},
  booktitle=naacl,
  year={2016}
}

@article{baehrens2010explain,
  title={How to Explain Individual Classification Decisions},
  author={David Baehrens and Timon Schroeter and Stefan Harmeling and Motoaki Kawanabe and Katja Hansen and Klaus-Robert M{\"u}ller},
  journal=jmlr,
  year={2010}
}

@inproceedings{simonyan2013deep,
  title={Deep Inside Convolutional Networks: Visualising Image Classification Models and Saliency Maps},
  author={Karen Simonyan and Andrea Vedaldi and Andrew Zisserman},
  booktitle=iclr,
  year={2014}
}

@article{strobelt2016visual,
  title={Visual Analysis of Hidden State Dynamics in Recurrent Neural Networks},
  author={Hendrik Strobelt and Sebastian Gehrmann and Bernd Huber and Hanspeter Pfister and Alexander M. Rush},
  journal={arXiv preprint arXiv: 1606.07461},
  year={2016}
}

@phdthesis{gal2016uncertainty,
  title={Uncertainty in Deep Learning},
  author={Yarin Gal and Yutian Chen and Roger Frigola and S. Gu and Alex Kendall and Yingzhen Li and Rowan McAllister and Carl Rasmussen and Ilya Sutskever and Gabriel Synnaeve and Nilesh Tripuraneni and Richard Turner and Oriol Vinyals and Adrian Weller and Mark van der Wilk and Yan Wu},
  school={University of Oxford},
  year={2016}
}

@article{adebayo2018local,
  title={Local explanation methods for deep neural networks lack sensitivity to parameter values},
  author={Julius Adebayo and Justin Gilmer and Ian Goodfellow and Been Kim},
  journal={International Conference on Learning Representation Workshop},
  year={2018}
}

@article{kindermans2017unreliability,
  title={The (Un)reliability of saliency methods},
  author={Pieter-Jan Kindermans and Sara Hooker and Julius Adebayo and Maximilian Alber and Kristof T. Sch{\"u}tt and Sven D{\"a}hne and Dumitru Erhan and Been Kim},
  journal={arXiv preprint arXiv: 1711.00867},
  year={2017}
}

@inproceedings{ghorbani2017interpretation,
  title={Interpretation of Neural Networks is Fragile},
  author={Amirata Ghorbani and Abubakar Abid and James Y. Zou},
  booktitle=aaai,
  year={2018}
}

@article{li2016understanding,
  title={Understanding Neural Networks through Representation Erasure},
  author={Jiwei Li and Will Monroe and Daniel Jurafsky},
  journal={arXiv preprint arXiv: 1612.08220},
  year={2016}
}

@article{hassan2018achieving,
  title={Achieving Human Parity on Automatic Chinese to English News Translation},
  author={Hany Hassan and Anthony Aue and Chang Chen and Vishal Chowdhary and Jonathan Clark and Christian Federmann and Xuedong Huang and Marcin Junczys-Dowmunt and William Lewis and Mu Li and Shujie Liu and Tie-Yan Liu and Renqian Luo and Arul Menezes and Tao Qin and Frank Seide and Xu Tan and Fei Tian and Lijun Wu and Shuangzhi Wu and Yingce Xia and Dongdong Zhang and Zhirui Zhang and Ming Zhou},
  journal={arXiv preprint arXiv: 1803.05567},
  year={2018}
}

@inproceedings{yu2018qanet,
  title={{QANet}: Combining Local Convolution with Global Self-Attention for Reading Comprehension},
  author={Adams Wei Yu and David Dohan and Minh-Thang Luong and Rui Zhao and Kai Chen and Mohammad Norouzi and Quoc V. Le},
  booktitle=iclr,
  year={2018}
}

@article{kleinberg2017human,
  title={Human decisions and machine predictions},
  author={Kleinberg, Jon and Lakkaraju, Himabindu and Leskovec, Jure and Ludwig, Jens and Mullainathan, Sendhil},
  journal={The quarterly journal of economics},
  year={2017}
}

@inproceedings{mass2011imdb,
  title={Learning Word Vectors for Sentiment Analysis},
  author={Andrew Maas  and Raymond Daly and Peter Pham and Dan Huang and Andrew Ng and Christopher Potts},
  booktitle=acl,
  year={2011}
}

@inproceedings{socher2013recursive,
  title={Recursive Deep Models for Semantic Compositionality Over a Sentiment Treebank},
  author={Richard Socher and A. V. Perelygin and Jean Wu and Jason Chuang and Christopher D. Manning and Andrew Ng and Christopher Potts},
  booktitle=emnlp,
  year={2013}
}

@inproceedings{belinkov2017synthetic,
  title={Synthetic and Natural Noise Both Break Neural Machine Translation},
  author={Yonatan Belinkov and Yonatan Bisk},
  booktitle=iclr,
  year={2018}
}

@inproceedings{chomsky2010aspects,
  title={Aspects of the Theory of Syntax},
  author={Noam Chomsky},
  booktitle={The MIT Press, Cambridge},
  year={1965}
}

@inproceedings{guo2017calibration,
  title={On Calibration of Modern Neural Networks},
  author={Chuan Guo and Geoff Pleiss and Yu Sun and Kilian Q. Weinberger},
  booktitle=icml,
  year={2017}
}

@inproceedings{upchurch2017interpolate,
  title={Deep Feature Interpolation for Image Content Changes},
  author={Paul Upchurch and Jacob Gardner and Geoff Pleiss and Robert Pless and Noah Snavely and Kavita Bala and Kilian Weinberger},
  booktitle=cvpr,
  year={2017}
}

@inproceedings{nguyen2015fooled,
  title={Deep neural networks are easily fooled: High confidence predictions for unrecognizable images},
  author={Anh Mai Nguyen and Jason Yosinski and Jeff Clune},
  booktitle=cvpr,
  year={2015}
}

@inproceedings{kendall2017uncertainties,
  title={What Uncertainties Do We Need in Bayesian Deep Learning for Computer Vision?},
  author={Alex Kendall and Yarin Gal},
  booktitle=nips,
  year={2017}
}

@article{caruana1999casebased,
  title={Case-based explanation of non-case-based learning methods},
  author={Rich Caruana and Hooshang Kangarloo and John David N. Dionisio and Usha S. Sinha and David B. Johnson},
  journal={Proceedings of AMIA Symposium},
  year={1999},
}

@inproceedings{doshi2015graphsparse,
  title={Graph-sparse {LDA}: a topic model with structured sparsity},
  author={Finale Doshi-Velez and Byron Wallace and Ryan Adams},
  booktitle=aaai,
  year={2015}
}

@inproceedings{kim2014bayesian,
  title={The Bayesian Case Model: A generative approach for casebased reasoning and prototype classification},
  author={Been Kim and Cynthia Rudin and Julie A. Shah},
  booktitle=nips,
  year={2014}
}

@inproceedings{bengio2011learners,
  title={Deep Learners Benefit More from Out-of-Distribution Examples},
  author={Yoshua Bengio and Fr{\'e}d{\'e}ric Bastien and Arnaud Bergeron and Nicolas Boulanger-Lewandowski and Thomas M. Breuel and Youssouf Chherawala and Moustapha Ciss{\'e} and Myriam C{\^o}t{\'e} and Dumitru Erhan and Jeremy Eustache and Xavier Glorot and Xavier Muller and Sylvain Pannetier Lebeuf and Razvan Pascanu and Salah Rifai and FranÃ§ois Savard and Guillaume Sicard},
  booktitle=aistats,
  year={2011}
}

@inproceedings{hendrycks2016baseline,
  title={A Baseline for Detecting Misclassified and Out-of-Distribution Examples in Neural Networks},
  author={Dan Hendrycks and Kevin Gimpel},
  booktitle=iclr,
  year=2017,
}

@article{amodei2016concrete,
  title={Concrete Problems in {AI} Safety},
  author={Dario Amodei and Chris Olah and Jacob Steinhardt and Paul F. Christiano and John Schulman and Dan Man{\'e}},
  journal={arXiv preprint arXiv: 1606.06565},
  year={2016}
}

@inproceedings{naik2018stress,
  title={Stress Test Evaluation for Natural Language Inference},
  author={Aakanksha Naik and Abhilasha Ravichander and Norman Sadeh and Carolyn Rose and Graham Neubig},
  booktitle=coling,
  year={2018}
}

@article{glockner2018breaking,
  title={Breaking {NLI} Systems with Sentences that Require Simple Lexical Inferences},
  author={Max Glockner and Vered Shwartz and Yoav Goldberg},
  journal={arXiv preprint arXiv: 1805.02266},
  year={2018}
}

@article{wang2018glue,
  title={{GLUE}: A Multi-Task Benchmark and Analysis Platform for Natural Language Understanding},
  author={Alex Wang and Amapreet Singh and Julian Michael and Felix Hill and Omer Levy and Samuel R. Bowman},
  journal={arXiv preprint arXiv: 1804.05922},
  year={2018}
}

@inproceedings{dhingra2018coref,
  title={Neural Models for Reasoning over Multiple Mentions using Coreference},
  author={Bhuwan Dhingra and Qiao Jin and Zhilin Yang and William W. Cohen and Ruslan Salakhutdinov},
  booktitle=naacl,
  year={2018}
}

@inproceedings{conneau2017supervised,
  title={Supervised Learning of Universal Sentence Representations from Natural Language Inference Data},
  author={Alexis Conneau and Douwe Kiela and Holger Schwenk and Loic Barrault and Antoine Bordes},
  booktitle=emnlp,
  year={2017}
}

@article{yamada2018qb,
  title={Studio Ousia's Quiz Bowl Question Answering System},
  author={Ikuya Yamada and Ryuji Tamaki and Hiroyuki Shindo and Yoshiyasu Takefuji},
  journal={arXiv preprint arXiv: 1803.08652},
  year={2018}
}

@inproceedings{guha15coref,
  title={Removing the Training Wheels: A Coreference Dataset that Entertains Humans and Challenges Computers},
  author={Anupam Guha and Mohit Iyyer and Danny Bouman and Jordan Boyd-Graber},
  booktitle=naacl,
  year={2015}
}

@inproceedings{shimo2000covariate,
  title={Improving predictive inference under covariate shift by weighting the log-likelihood function},
  author={Hidetoshi Shimodaira},
  booktitle={Journal of Statistical Planning and Inference},
  year={2000}
}

@article{mccann2017learned,
  title={Learned in Translation: Contextualized Word Vectors},
  author={Bryan McCann and James Bradbury and Caiming Xiong and Richard Socher},
  journal={arXiv preprint arXiv:1708.00107},
  year={2017}
}

@inproceedings{peters2018elmo,
  title={Deep contextualized word representations},
  author={Matthew E. Peters and Mark Neumann and Mohit Iyyer and Matt Gardner and Christopher Clark and Kenton Lee and Luke Zettlemoyer.},
  booktitle=naacl,
  year={2018}
}

@article{merity2018analysis,
  title={An Analysis of Neural Language Modeling at Multiple Scales},
  author={Stephen Merity and Nitish Shirish Keskar and Richard Socher},
  journal={arXiv preprint arXiv: 1803.08240},
  year={2018}
}

@inproceedings{han2015compression,
  title={Deep Compression: Compressing Deep Neural Networks with Pruning, Trained Quantization and Huffman Coding},
  author={Song Han and Huizi Mao and William J. Dally},
  booktitle=iclr,
  year={2015}
}

@article{krause2017dynamic,
  title={Dynamic Evaluation of Neural Sequence Models},
  author={Ben Krause and Emmanuel Kahembwe and Iain Murray and Steve Renals},
  journal={arXiv preprint arXiv: 1709.07432},
  year={2017}
}

@article{clavera2018learning,
  title={Learning to Adapt: Meta-Learning for Model-Based Control},
  author={Ignasi Clavera and Anusha Nagabandi and Ronald S. Fearing and Pieter Abbeel and Sergey Levine and Chelsea Finn},
  journal={arXiv preprint arXiv: 1803.11347},
  year={2018}
}

@inproceedings{chen1998evaluation,
  title={Evaluation Metrics For Language Models},
  author={Stanley Chen and Douglas Beeferman and Ronald Rosenfeld},
  booktitle={DARPA Broadcast News Transcription and Understanding Workshop},
  year={1998}
}

@inproceedings{rei2015online,
  title={Online Representation Learning in Recurrent Neural Language Models},
  author={Marek Rei},
  booktitle=emnlp,
  year={2015}
}

@inproceedings{grave2016improving,
  title={Improving Neural Language Models with a Continuous Cache},
  author={Edouard Grave and Armand Joulin and Nicolas Usunier},
  booktitle=iclr,
  year={2017}
}

@inproceedings{moore2010intelligent,
  title={Intelligent Selection of Language Model Training Data},
  author={Robert C. Moore and William D. Lewis},
  booktitle=acl,
  year={2010}
}

@article{rousseau2013xenc,
  title={{XenC}: An Open-Source Tool for Data Selection in Natural Language Processing},
  author={Anthony Rousseau},
  journal={The Prague Bulletin of Mathematical Linguistics},
  year={2013}
}

@inproceedings{snell2017prototypical,
  title={Prototypical Networks for Few-shot Learning},
  author={Jake Snell and Kevin Swersky and Richard S. Zemel},
  booktitle=nips,
  year={2017}
}

@article{johnson2017googles,
  title={Google's Multilingual Neural Machine Translation System: Enabling Zero-Shot Translation},
  author={Melvin Johnson and Mike Schuster and Quoc V. Le and Maxim Krikun and Yonghui Wu and Zhifeng Chen and Nikhil Thorat and Fernanda B. Vi{\'e}gas and Martin Wattenberg and Gregory S. Corrado and Macduff Hughes and Jeffrey Dean},
  journal=tacl,
  year={2017}
}

@article{wu2016googles,
  title={Google's Neural Machine Translation System: Bridging the Gap between Human and Machine Translation},
  author={Yonghui Wu and Mike Schuster and Zhifeng Chen and Quoc V. Le and Mohammad Norouzi and Wolfgang Macherey and Maxim Krikun and Yuan Cao and Qin Gao and Klaus Macherey and Jeff Klingner and Apurva Shah and Melvin Johnson and Xiaobing Liu and Lukasz Kaiser and Stephan Gouws and Yoshikiyo Kato and Taku Kudo and Hideto Kazawa and Keith Stevens and George Kurian and Nishant Patil and Wei Wang and Cliff Young and Jason Smith and Jason Riesa and Alex Rudnick and Oriol Vinyals and Gregory S. arXiv preprintado and Macduff Hughes and Jeffrey Dean},
  journal={arXiv preprint arXiv: 1609.08144},
  year={2016}
}

@inproceedings{goyal2017vqa2,
  title={Making the {V} in {VQA} Matter: Elevating the Role of Image Understanding in Visual Question Answering},
  author={Yash Goyal and Tejas Khot and Douglas Summers-Stay and Dhruv Batra and Devi Parikh},
  booktitle=cvpr,
  year={2017}
}

@inproceedings{thrun1998lifelong,
 title={Lifelong Learning Algorithms},
 author={Sebastian Thrun},
 booktitle={Learning to Learn},
 year={1998}
}

@inproceedings{razavian2014cnn,
  title={{CNN} Features Off-the-Shelf: An Astounding Baseline for Recognition},
  author={Ali Sharif Razavian and Hossein Azizpour and Josephine Sullivan and Stefan Carlsson},
  booktitle={2014 IEEE Conference on Computer Vision and Pattern Recognition Workshops},
  year={2014}
}

@article{schmidhuber1997shifting,
  title={Shifting Inductive Bias with Success-Story Algorithm, Adaptive Levin Search, and Incremental Self-Improvement},
  author={J{\"u}rgen Schmidhuber and Jieyu Zhao and Marco Wiering},
  journal={Machine Learning},
  year={1997}
}

@article{bojanowski2017enriching,
  title={Enriching Word Vectors with Subword Information},
  author={Bojanowski, Piotr and Grave, Edouard and Joulin, Armand and Mikolov, Tomas},
  journal=tacl,
  year={2017}
}

@inproceedings{mikolov2010recurrent,
  title={Recurrent neural network based language model},
  author={Tomas Mikolov and Martin Karafi{\'a}t and Luk{\'a}s Burget and Jan Cernock{\'y} and Sanjeev Khudanpur},
  booktitle=interspeech,
  year={2010}
}

@article{nichols2018reptile,
  author={Alex Nichol and Joshua Achiam and John Schulman},
  title={On First-Order Meta-Learning Algorithms},
  journal={arXiv preprint arXiv: 1803.02999},
  year={2018}
}

@inproceedings{finn2017maml,
  title={Model-Agnostic Meta-Learning for Fast Adaptation of Deep Networks},
  author={Chelsea Finn and Pieter Abbeel and Sergey Levine},
  booktitle=icml,
  year={2017}
}

@inproceedings{vinyals2016matching,
  title={Matching Networks for One Shot Learning},
  author={Oriol Vinyals and Charles Blundell and Tim Lillicrap and Koray Kavukcuoglu and Daan Wierstra},
  booktitle=nips,
  year={2016}
}

@inproceedings{ravi2017optimization,
  author={Sachin Ravi and Hugo Larochelle},
  title={Optimization as a Model for Few-Shot Learning},
  booktitle =iclr,
  year={2017}
}

@inproceedings{li2018generalize,
  title={Learning to Generalize: Meta-Learning for Domain Generalization},
  author={Da Li and Yongxin Yang and Yi-Zhe Song and Timothy M. Hospedales},
  booktitle=aaai,
  year={2018}
}

@inproceedings{lake2011oneshot,
  title={One shot learning of simple visual concepts},
  author={Brenden M. Lake and Ruslan Salakhutdinov and Jason Gross and Joshua B. Tenenbaum},
  booktitle={CogSci},
  year={2011}
}

@inproceedings{hovy2015tagging,
  title={Tagging Performance arXiv preprintelates with Author Age},
  author={Dirk Hovy and Anders Sogaard},
  booktitle=acl,
  year={2015}
}

@inproceedings{mirkin2015motivating,
  title={Motivating Personality-aware Machine Translation},
  author={Shachar Mirkin and Scott Nowson and Caroline Brun and Julien Perez},
  booktitle=emnlp,
  year={2015}
}

@inproceedings{lynn2017human,
  title={Human Centered {NLP} with User-Factor Adaptation},
  author={Veronica E. Lynn and Youngseo Son and Vivek Kulkarni and Niranjan Balasubramanian and H. Andrew Schwartz},
  booktitle=emnlp,
  year={2017}
}

@book{gormley2015es,
  title={Elasticsearch: The Definitive Guide},
  author={Clinton Gormley and Zachary Tong},
  year={2015},
  publisher={O'Reilly Media, Inc.}
}

@article{goodman2017european,
  title={European Union Regulations on Algorithmic Decision-Making and a "Right to Explanation"},
  author={Bryce Goodman and Seth Flaxman},
  journal={AI Magazine},
  year={2017},
}

@article{doshivelez2017towards,
  title={Towards A Rigorous Science of Interpretable Machine Learning},
  author={Finale Doshi-Velez and Been Kim},
  booktitle={Explainable and interpretable models in computer vision and machine learning},
  journal={Springer Series on Challenges in Machine Learning},
  publisher={Springer},
  year={2018}
}

@article{jose2017craft,
  title={The Craft of Writing Pyramidal Quiz Questions: Why Writing Quiz Bowl Questions is an Intellectual Task},
  year={2017},
  month={September},
  howpublished="\url{https://blog.lareviewofbooks.org/essays/craft-writing}",
  author={Ike Jose}
}

@article{welbl2017constructing,
  title={Constructing Datasets for Multi-hop Reading Comprehension Across Documents},
  author={Johannes Welbl and Pontus Stenetorp and Sebastian Riedel},
  journal={arXiv preprint arXiv: 1710.06481},
  year={2017}
}

@article{lujan2003writing,
  title={Writing Good Quizbowl Questions: A Quick Primer},
  year={2003},
  month={October},
  howpublished="\url{https://www.ocf.berkeley.edu/%7Equizbowl/qb-writing.html}",
  author={Paul Lujan and Seth Teitler}
}

@article{bordes2015large,
  title={Large-scale Simple Question Answering with Memory Networks},
  author={Antoine Bordes and Nicolas Usunier and Sumit Chopra and Jason Weston},
  journal={arXiv preprint arXiv: 1506.02075},
  year={2015}
}

@inproceedings{mosta2017cloze,
  title={{LSDSEM} 2017 shared task: The story cloze test},
  author={Nasrin Mostafazadeh and Michael Roth and Annie Louis and Nathanael Chambers and James F. Allen},
  booktitle={The Second Workshop on Linking Models of Lexical, Sentential and Discourse-level Semantics},
  year={2017}
  }

@inproceedings{lai2017race,
  title={Race: Large-scale reading comprehension dataset from examinations},
  author={Guokun Lai and Qizhe Xie and Hanxiao Liu and Yiming Yang and Eduard Hovy},
  booktitle=emnlp,
  year={2017}
  }

@inproceedings{collobert2008unified,
  title={A unified architecture for natural language processing: Deep neural networks with multitask learning},
  author={Collobert, Ronan and Weston, Jason},
  booktitle=icml,
  year={2008}
  }

@article{lipton2016mythos,
  title={The Mythos of Model Interpretability},
  author={Zachary Chase Lipton},
  journal={arXiv preprint arXiv: 1606.03490},
  year={2016}
}

@inproceedings{agrawal2016analyzing,
  title={Analyzing the Behavior of Visual Question Answering Models},
  author={Aishwarya Agrawal and Dhruv Batra and Devi Parikh},
  booktitle=emnlp,
  year={2016}
}

@article{linzen2016assessing,
  title={Assessing the Ability of {LSTMs} to Learn Syntax-Sensitive Dependencies},
  author={Tal Linzen and Emmanuel Dupoux and Yoav Goldberg},
  journal=tacl,
  year={2016}
}

@inproceedings{antol2015vqa,
  title={{VQA}: Visual Question Answering},
  author={Stanislaw Antol and Aishwarya Agrawal and Jiasen Lu and Margaret Mitchell and Dhruv Batra and C. Lawrence Zitnick and Devi Parikh},
  booktitle=iccv,
  year={2015}
}

@inproceedings{montavon2017methods,
  title={Methods for Interpreting and Understanding Deep Neural Networks},
  author={GrÃ©goire Montavon and Wojciech Samek and Klaus-Robert MÃ¼ller},
  booktitle={Digital Signal Processing},
  year={2018}
  }

@inproceedings{bach2015pixelwise,
  title={On Pixel-Wise Explanations for Non-Linear Classifier Decisions by Layer-Wise Relevance Propagation},
  author={Sebastian Bach and Alexander Binder and Gr{\'e}goire Montavon and Frederick Klauschen and Klaus-Robert M{\"u}ller and Wojciech Samek and {\'O}scar D{\'e}niz Su{\'a}rez},
  booktitle={PloS one},
  year={2015}
}

@inproceedings{bender2011parser,
  title={Parser Evaluation over Local and Non-Local Deep Dependencies in a Large Corpus},
  author={Emily M. Bender and Dan Flickinger and Stephan Oepen and Yi Zhang},
  booktitle=emnlp,
  year={2011}
}

@inproceedings{bowman2015snli,
  title={A large annotated corpus for learning natural language inference},
  author={Samuel R. Bowman and Gabor Angeli and Christopher Potts and Christopher D. Manning},
  booktitle=emnlp,
  year={2015}
}

@inproceedings{boydgraber2012besting,
  title={Besting the Quiz Master: Crowdsourcing Incremental Classification Games},
  author={Jordan L. Boyd-Graber and Brianna Satinoff and He He and Hal {Daum{\'e} III}},
  booktitle=emnlp,
  year={2012}
}

@inproceedings{chen2016thorough,
  title={A Thorough Examination of the {CNN}/{Daily Mail} Reading Comprehension Task},
  author={Danqi Chen and Jason Bolton and Christopher D. Manning},
  booktitle=acl,
  year={2016},
}

@inproceedings{fader2014openqa,
  title={Open question answering over curated and extracted knowledge bases},
  author={Anthony Fader and Luke S. Zettlemoyer and Oren Etzioni},
  booktitle=kdd,
  year={2014}
}

@inproceedings{bordes2014question,
  title={Question Answering with Subgraph Embeddings},
  author={Antoine Bordes and Sumit Chopra and Jason Weston},
  booktitle=emnlp,
  year={2014}
}

@inproceedings{chen2017drqa,
  title={Reading Wikipedia to Answer Open-Domain Questions},
  author={Danqi Chen and Adam Fisch and Jason Weston and Antoine Bordes},
  booktitle=acl,
  year={2017}
}

@article{dunn2017searchqa,
  title={{SearchQA}: A New Q\&A Dataset Augmented with Context from a Search Engine},
  author={Matthew Dunn and Levent Sagun and Mike Higgins and V. Ugur G{\"u}ney and Volkan Cirik and Kyunghyun Cho},
  journal={arXiv preprint arXiv: 1704.05179},
  year={2017}
}

@inproceedings{ebrahimi2017hotflip,
  title={{HotFlip}: White-Box Adversarial Examples for Text Classification},
  author={Javid Ebrahimi and Anyi Rao and Daniel Lowd and Dejing Dou},
  booktitle=acl,
  year={2017}
}

@techreport{erhan2009visualizing,
  title={Visualizing Higher-Layer Features of a Deep Network},
  author={Dumitru Erhan and Yoshua Bengio and Aaron Courville and Pascal Vincent},
  year={2009}
}

@article{ettinger2017towards,
  title={Towards Linguistically Generalizable {NLP} Systems: A Workshop and Shared Task},
  author={Allyson Ettinger and Sudha Rao and Hal {Daum{\'e} III} and Emily M. Bender},
  journal={arXiv preprint arXiv: 1711.01505},
  year={2017}
}

@article{evtimov2017robust,
  title={Robust Physical-World Attacks on Machine Learning Models},
  author={Ivan Evtimov and Kevin Eykholt and Earlence Fernandes and Tadayoshi Kohno and Bo Li and Atul Prakash and Amir Rahmati and Dawn Xiaodong Song},
  journal={arXiv preprint arXiv: 1707.08945},
  year={2017}
}

@inproceedings{ganin2016domain,
  title={Domain-Adversarial Training of Neural Networks},
  author={Yaroslav Ganin and Evgeniya Ustinova and Hana Ajakan and Pascal Germain and Hugo Larochelle and FranÃ§ois Laviolette and Mario Marchand and Victor S. Lempitsky},
  booktitle={Domain Adaptation in Computer Vision Applications},
  journal=jmlr,
  year={2016}
}

@inproceedings{gong2018adversarial,
  title={Adversarial Texts with Gradient Methods},
  author={Zhitao Gong and Wenlu Wang and Bo Li and Dawn Xiaodong Song and Wei-Shinn Ku},
  journal={arXiv preprint arXiv: 1801.07175},
  year={2018}
}

@inproceedings{goodfellow2014explaining,
  title={Explaining and Harnessing Adversarial Examples},
  author={Ian J. Goodfellow and Jonathon Shlens and Christian Szegedy},
  booktitle=iclr,
  year={2015}
}

@article{graves2005framewise,
  title={Framewise phoneme classification with bidirectional {LSTM} and other neural network architectures},
  author={Alex Graves and J{\"u}rgen Schmidhuber},
  journal={Neural networks : the official journal of the International Neural Network Society},
  year={2005}
}

@article{guo2017countering,
  title={Countering Adversarial Images using Input Transformations},
  author={Chuan Guo and Mayank Rana and Moustapha Ciss{\'e} and Laurens van der Maaten},
  journal={arXiv preprint arXiv: 1711.00117},
  year={2017}
}

@inproceedings{poliak2018hypothesis,
  title={Hypothesis Only Baselines in Natural Language Inference},
  author={Adam Poliak and Jason Naradowsky and Aparajita Haldar and Rachel Rudinger and Benjamin Van Durme},
  booktitle={*SEM@NAACL-HLT},
  year={2018}
}

@inproceedings{gururangan2018annotation,
  title={Annotation Artifacts in Natural Language Inference Data},
  author={Suchin Gururangan and Swabha Swayamdipta and Omer Levy and Roy Schwartz and Samuel R. Bowman and Noah A. Smith},
  booktitle=naacl,
  year={2018}
}

@inproceedings{hermann2015teaching,
  title={Teaching Machines to Read and Comprehend},
  author={Karl Moritz Hermann and Tom{\'a}s Kocisk{\'y} and Edward Grefenstette and Lasse Espeholt and Will Kay and Mustafa Suleyman and Phil Blunsom},
  booktitle=nips,
  year={2015}
}

@article{hochreiter1997lstm,
  title={Long Short-Term Memory},
  author={Sepp Hochreiter and J{\"u}rgen Schmidhuber},
  journal={Neural Computation},
  year={1997}
}

@inproceedings{ribeiro2018semantically,
  title={Semantically Equivalent Adversarial Rules for Debugging NLP Models},
  author={Ribeiro, Marco Tulio and Singh, Sameer and Guestrin, Carlos},
  booktitle=acl,
  year={2018}
}

@inproceedings{iyyer2018scpn,
  title={Adversarial Example Generation with Syntactically Controlled Paraphrase Networks},
  author={Mohit Iyyer and John Wieting and Kevin Gimpel and Luke S. Zettlemoyer},
  booktitle=naacl,
  year={2018}
}

@inproceedings{joshi2017triviaqa,
  title={{TriviaQA}: A Large Scale Distantly Supervised Challenge Dataset for Reading Comprehension},
  author={Mandar Joshi and Eunsol Choi and Daniel S. Weld and Luke S. Zettlemoyer},
  booktitle=acl,
  year={2017}
}

@inproceedings{rajpurkar2016squad,
  title={{SQuAD}: 100, 000+ Questions for Machine Comprehension of Text},
  author={Pranav Rajpurkar and Jian Zhang and Konstantin Lopyrev and Percy Liang},
  booktitle=emnlp,
  year={2016}
}

@inproceedings{iyyer2015deep,
  title={Deep unordered composition rivals syntactic methods for text classification},
  author={Iyyer, Mohit and Manjunatha, Varun and Boyd-Graber, Jordan and {Daum{\'e} III}, Hal},
  booktitle=acl,
  year={2015}
}

@inproceedings{iyyer2014ann,
  title={A Neural Network for Factoid Question Answering over Paragraphs},
  author={Mohit Iyyer and Jordan Boyd-Graber and Leonardo Max
      Batista Claudino and Richard Socher and Hal {Daum{\'e} III}},
  booktitle=emnlp,
  year={2014}
}

@inproceedings{jia2017adversarial,
  title={Adversarial Examples for Evaluating Reading Comprehension Systems},
  author={Robin Jia and Percy Liang},
  booktitle=emnlp,
  year={2017}
}

@inproceedings{johnson2017clevr,
  title={{CLEVR}: A Diagnostic Dataset for Compositional Language and Elementary Visual Reasoning},
  author={Justin Johnson and Bharath Hariharan and Laurens van der Maaten and Li Fei-Fei and C. Lawrence Zitnick and Ross B. Girshick},
  booktitle=cvpr,
  year={2017}
}

@article{karpathy2015visualizing,
  title={Visualizing and Understanding Recurrent Networks},
  author={Andrej Karpathy and Justin Johnson and Li Fei-Fei},
  journal={arXiv preprint arXiv: 1506.02078},
  year={2015}
}

@article{kazemi2017show,
  title={Show, Ask, Attend, and Answer: A Strong Baseline For Visual Question Answering},
  author={Vahid Kazemi and Ali Elqursh},
  journal={arXiv preprint arXiv: 1704.03162},
  year={2017}
}

@inproceedings{khashabi2016question,
  title={Question Answering via Integer Programming over Semi-Structured Knowledge},
  author={Daniel Khashabi and Tushar Khot and Ashish Sabharwal and Peter Clark and Oren Etzioni and Dan Roth},
  booktitle=ijcai,
  year={2016}
}

@inproceedings{khashabi2017learning,
  title={Learning What is Essential in Questions},
  author={Daniel Khashabi and Tushar Khot and Ashish Sabharwal and Dan Roth},
  booktitle=conll,
  year={2017}
}

@inproceedings{szegedy2016rethinking,
  title={Rethinking the inception architecture for computer vision},
  author={Szegedy, Christian and Vanhoucke, Vincent and Ioffe, Sergey and Shlens, Jon and Wojna, Zbigniew},
  booktitle=cvpr,
  year={2016}
}

@inproceedings{pereyra2017regularizing,
  title={Regularizing Neural Networks by Penalizing Confident Output Distributions},
  author={Gabriel Pereyra and George Tucker and Jan Chorowski and Lukasz Kaiser and Geoffrey E. Hinton},
  booktitle=iclr,
  year={2017}
}

@inproceedings{koh2017influence,
  title={Understanding Black-box Predictions via Influence Functions},
  author={Pang Wei Koh and Percy Liang},
  booktitle=icml,
  year={2017}
}

@article{kurakin2016adversarial,
  title={Adversarial examples in the physical world},
  author={Alexey Kurakin and Ian J. Goodfellow and Samy Bengio},
  journal={arXiv preprint arXiv: 1607.02533},
  year={2016}
}

@inproceedings{lample2017unsupervisedmt,
  title={Unsupervised Machine Translation Using Monolingual Corpora Only},
  author={Guillaume Lample and Ludovic Denoyer and Marc'Aurelio Ranzato},
  booktitle=iclr,
  year={2018}
}

@inproceedings{artetxe2017unsupervisedmt,
  title={Unsupervised Neural Machine Translation},
  author={Mikel Artetxe and Gorka Labaka and Eneko Agirre and Kyunghyun Cho},
  booktitle=iclr,
  year={2018}
}

@article{lample2018phrase,
  title={Phrase-Based \& Neural Unsupervised Machine Translation},
  author={Guillaume Lample and Myle Ott and Alexis Conneau and Ludovic Denoyer and Marc'Aurelio Ranzato},
  journal={arXiv preprint arXiv: 1804.07755},
  year={2018}
}

@inproceedings{lei2016rationalizing,
  title={Rationalizing Neural Predictions},
  author={Tao Lei and Regina Barzilay and Tommi S. Jaakkola},
  booktitle=emnlp,
  year={2016}
}

@inproceedings{liu2016delving,
  title={Delving into Transferable Adversarial Examples and Black-box Attacks},
  author={Yanpei Liu and Xinyun Chen and Chang Liu and Dawn Xiaodong Song},
  booktitle=iclr,
  year={2017}
}

@article{lundberg2016unexpected,
  title={An unexpected unity among methods for interpreting model predictions},
  author={Scott Lundberg and Su-In Lee},
  journal={arXiv preprint arXiv: 1611.07478},
  year={2016}
}

@inproceedings{marelli2014sick,
  title={A {SICK} cure for the evaluation of compositional distributional semantic models},
  author={Marco Marelli and Stefano Menini and Marco Baroni and Luisa Bentivogli and Raffaella Bernardi and Roberto Zamparelli},
  booktitle=lrec,
  year={2014}
}

@inproceedings{miyato2015distributional,
  title={Distributional Smoothing with Virtual Adversarial Training},
  author={Takeru Miyato and Shin-ichi Maeda and Masanori Koyama and Ken Nakae and Shin Ishii},
  booktitle=iclr,
  year={2016}
}

@inproceedings{miyato2016adversarial,
  title={Adversarial Training Methods for Semi-Supervised Text Classification},
  author={Takeru Miyato and Andrew M. Dai and Ian Goodfellow},
  booktitle=iclr,
  year={2017}
}

@inproceedings{moosavidezfooli2016deepfool,
  title={{DeepFool}: A Simple and Accurate Method to Fool Deep Neural Networks},
  author={Seyed-Mohsen Moosavi-Dezfooli and Alhussein Fawzi and Pascal Frossard},
  booktitle=cvpr,
  year={2016}
}

@inproceedings{murdoch2017automatic,
  title={Automatic Rule Extraction from Long Short Term Memory Networks},
  author={W. James Murdoch and Arthur Szlam},
  booktitle=iclr,
  year={2017}
}

@inproceedings{murdoch2018cd,
  title={Beyond Word Importance: Contextual Decomposition to Extract Interactions from LSTMs},
  author={W. James Murdoch and Peter J. Liu and Bin Yu},
  booktitle=iclr,
  year={2018}
}

@article{narayanan2018humans,
  title={How do Humans Understand Explanations from Machine Learning Systems? An Evaluation of the Human-Interpretability of Explanation},
  author={Menaka Narayanan and Emily Chen and Jeffrey He and Been Kim and Sam Gershman and Finale Doshi-Velez},
  journal={arXiv preprint arXiv: 1802.00682},
  year={2018}
}

@inproceedings{paperno2016lambda,
  title={The {LAMBADA} dataset: Word prediction requiring a broad discourse context},
  author={Denis Paperno and Germ{\'a}n Kruszewski and Angeliki Lazaridou and Quan Ngoc Pham and Raffaella Bernardi and Sandro Pezzelle and Marco Baroni and Gemma Boleda and Raquel Fern{\'a}ndez},
  booktitle=acl,
  year={2016}
}

@inproceedings{papernot2016limitations,
  title={The Limitations of Deep Learning in Adversarial Settings},
  author={Nicolas Papernot and Patrick D. McDaniel and Somesh Jha and Matt Fredrikson and Z. Berkay Celik and Ananthram Swami},
  booktitle={2016 IEEE European Symposium on Security and Privacy (EuroS\&P)},
  year={2016}
}

@inproceedings{parikh2016decomposable,
  title={A Decomposable Attention Model for Natural Language Inference},
  author={Ankur P. Parikh and Oscar T{\"a}ckstr{\"o}m and Dipanjan Das and Jakob Uszkoreit},
  booktitle=emnlp,
  year={2016}
}

@inproceedings{pennington2014glove,
  title={{GloVe}: Global Vectors for Word Representation},
  author={Jeffrey Pennington and Richard Socher and Christopher D. Manning},
  booktitle=emnlp,
  year={2014}
}

@inproceedings{zhang2017understanding,
  title={Understanding deep learning requires rethinking generalization},
  author={Chiyuan Zhang and Samy Bengio and Moritz Hardt and Benjamin Recht and Oriol Vinyals},
  booktitle=iclr,
  year={2017}
}

@inproceedings{ribeiro2016lime,
  title={Why Should I Trust You?": Explaining the Predictions of Any Classifier},
  author={Marco T{\'u}lio Ribeiro and Sameer Singh and Carlos Guestrin},
  booktitle=kdd,
  year={2016}
}

@inproceedings{ribeiro2018anchors,
  title={Anchors: High-Precision Model-Agnostic Explanations},
  author={Marco T{\'u}lio Ribeiro and Sameer Singh and Carlos Guestrin},
  booktitle=aaai,
  year={2018}
}

@inproceedings{rimell2009unbounded,
  title={Unbounded Dependency Recovery for Parser Evaluation},
  author={Laura Rimell and Stephen Clark and Mark Steedman},
  booktitle=emnlp,
  year={2009}
}

@article{selvaraju2016gradcam,
  title={{Grad-CAM}: Why did you say that? Visual Explanations from Deep Networks via Gradient-based Localization},
  author={Ramprasaath R. Selvaraju and Abhishek Das and Ramakrishna Vedantam and Michael Cogswell and Devi Parikh and Dhruv Batra},
  journal={arXiv preprint arXiv: 1610.02391},
  year={2016}
}

@inproceedings{shrikumar2017learning,
  title={Learning Important Features Through Propagating Activation Differences},
  author={Avanti Shrikumar and Peyton Greenside and Anshul Kundaje},
  booktitle=icml,
  year={2017}
}

@inproceedings{smilkov2017smoothgrad,
  title={{SmoothGrad}: removing noise by adding noise},
  author={Daniel Smilkov and Nikhil Thorat and Been Kim and Fernanda B. Vi{\'e}gas and Martin Wattenberg},
  booktitle={ICML Workshop on Visualization for Deep Learning},
  year={2017}
}

@inproceedings{sundararajan2017axiomatic,
  title={Axiomatic Attribution for Deep Networks},
  author={Mukund Sundararajan and Ankur Taly and Qiqi Yan},
  booktitle=icml,
  year={2017}
}

@inproceedings{szegedy2013intriguing,
  title={Intriguing properties of neural networks},
  author={Christian Szegedy and Wojciech Zaremba and Ilya Sutskever and Joan Bruna and Dumitru Erhan and Ian J. Goodfellow and Rob Fergus},
  booktitle=iclr,
  year={2014}
}

@article{thomas2017ensuring,
  title={On Ensuring that Intelligent Machines Are Well-Behaved},
  author={Philip S. Thomas and Bruno Castro da Silva and Andrew G. Barto and Emma Brunskill},
  journal={arXiv preprint arXiv: 1708.05448},
  year={2017}
}

@inproceedings{cai2017pay,
  title={Pay Attention to the Ending: Strong Neural Baselines for the ROC Story Cloze Task},
  author={Zheng Cai and Lifu Tu and Kevin Gimpel},
  booktitle=acl,
  year={2017}
}

@inproceedings{wang2017bilateral,
  title={Bilateral Multi-Perspective Matching for Natural Language Sentences},
  author={Zhiguo Wang and Wael Hamza and Radu Florian},
  booktitle=ijcai,
  year={2017}
}

@inproceedings{schwartz2017effect,
  title={The Effect of Different Writing Tasks on Linguistic Style: A Case Study of the ROC Story Cloze Task},
  author={Roy Schwartz and Maarten Sap and Ioannis Konstas and Leila Zilles and Yejin Choi and Noah A. Smith},
  booktitle=conll,
  year={2017}
}

@article{xu2017fool,
  title={Can you fool {AI} with adversarial examples on a visual Turing test?},
  author={Xiaojun Xu and Xinyun Chen and Chang Liu and Anna Rohrbach and Trevor Darell and Dawn Xiaodong Song},
  journal={arXiv preprint arXiv: 1709.08693},
  year={2017}
}

@article{seo2016bidaf,
  title={Bidirectional Attention Flow for Machine Comprehension},
  author={Min Joon Seo and Aniruddha Kembhavi and Ali Farhadi and Hannaneh Hajishirzi},
  journal={arXiv preprint arXiv: 1611.01603},
  year={2016}
}

@inproceedings{yang2015wikiqa,
  title={{WikiQA}: A Challenge Dataset for Open-Domain Question Answering},
  author={Yi Yang and Wen-tau Yih and Christopher Meek},
  booktitle=emnlp,
  year={2015}
}

@inproceedings{he2016opponent,
  title={Opponent Modeling in Deep Reinforcement Learning},
  author={He He and Jordan L. Boyd-Graber and Kevin Kwok and Hal {Daum{\'e} III}},
  booktitle=icml,
  year={2016}
}

@inproceedings{kingma2015adam,
  title={Adam: A Method for Stochastic Optimization},
  author={Diederik P. Kingma and Jimmy Ba},
  booktitle=iclr,
  year={2015}
}
