@InProceedings{klerke-goldberg-sogaard:2016:N16-1,
  author    = {Klerke, Sigrid  and  Goldberg, Yoav  and  S{\o}gaard, Anders},
  title     = {Improving sentence compression by learning to predict gaze},
  booktitle = naacl,
  ;;month     = {June},
  year      = {2016},
  ;;address   = {San Diego, California},
  ;;publisher = {Association for Computational Linguistics},
  ;;pages     = {1528--1533},
  url       = {http://www.aclweb.org/anthology/N16-1179}
}

@InProceedings{bannard-callisonburch:2005:ACL,
  author    = {Bannard, Colin  and  Callison-Burch, Chris},
  title     = {Paraphrasing with Bilingual Parallel Corpora},
  booktitle = acl,
  ;;month     = {June},
  year      = {2005},
  ;;address   = {Ann Arbor, Michigan},
  ;;publisher = {Association for Computational Linguistics},
  ;;pages     = {597--604},
  url       = {http://www.aclweb.org/anthology/P05-1074},
  doi       = {10.3115/1219840.1219914}
}

@inproceedings{shimizu2013constructing,
  title={Constructing a speech translation system using simultaneous interpretation data},
  author={Shimizu, Hiroaki and Neubig, Graham and Sakti, Sakriani and Toda, Tomoki and Nakamura, Satoshi},
  booktitle = iwslt,
  year={2013}
}

@article{bendazzoli2005approach,
  title={An approach to corpus-based interpreting studies: developing EPIC (European Parliament Interpreting Corpus)},
  author={Bendazzoli, Claudio and Sandrelli, Annalisa},
  journal = {Proceedings of the Marie Curie Euroconferences MuTra: Challenges of Multidimensional Translation-Saarbr{\"u}cken},
  ;;pages={2--6},
  year={2005}
}

@InProceedings{he2016interpretese,
  author    = {He, He  and  Boyd-Graber, Jordan  and  Daum\'{e} III, Hal},
  title     = {Interpretese vs. Translationese: The Uniqueness of Human Strategies in Simultaneous Interpretation},
  booktitle = naacl,
  ;;month     = {June},
  year      = {2016},
  ;;address   = {San Diego, California},
  ;;publisher = {Association for Computational Linguistics},
  ;;pages     = {971--976},
  url       = {http://www.aclweb.org/anthology/N16-1111}
}

@article{van1999anticipation,
  title={Anticipation in simultaneous interpretation},
  author={Van Besien, Fred},
  journal={Meta:/Translators' Journal},
  volume={44},
  number={2},
  ;;pages={250--259},
  year={1999},
  ;;publisher={Les Presses de l'Universit{\'e} de Montr{\'e}al}
}

@article{goldman1972segmentation,
  title={Segmentation of input in simultaneous translation},
  author={Goldman-Eisler, Frieda},
  journal={Journal of Psycholinguistic Research},
  volume={1},
  number={2},
  ;;pages={127--140},
  year={1972},
  ;;publisher={Springer}
}

@InProceedings{bowman-EtAl:2015:EMNLP,
  author    = {Bowman, Samuel R.  and  Angeli, Gabor  and  Potts, Christopher  and  Manning, Christopher D.},
  title     = {A large annotated corpus for learning natural language inference},
  booktitle = emnlp,
  ;;month     = {September},
  year      = {2015},
  ;;address   = {Lisbon, Portugal},
  ;;publisher = {Association for Computational Linguistics},
  ;;pages     = {632--642},
  url       = {http://aclweb.org/anthology/D15-1075}
}

@article{kurz2001conference,
  title={Conference interpreting: Quality in the ears of the user},
  author={Kurz, Ingrid},
  journal={Meta:/Translators' Journal},
  volume={46},
  number={2},
  ;;pages={394--409},
  year={2001},
  ;;publisher={Les Presses de l'Universit{\'e} de Montr{\'e}al}
}

@InProceedings{pitler-nenkova:2008:EMNLP,
  author    = {Pitler, Emily  and  Nenkova, Ani},
  title     = {Revisiting Readability: {A} Unified Framework for Predicting Text Quality},
  booktitle = emnlp,
  ;;month     = {October},
  year      = {2008},
  ;;address   = {Honolulu, Hawaii},
  ;;publisher = {Association for Computational Linguistics},
  ;;pages     = {186--195},
  url       = {http://www.aclweb.org/anthology/D08-1020}
}


@inproceedings{adams16interspeech,
    title = {Learning a Translation Model from Word Lattices},
    author = {Oliver Adams and Graham Neubig and Trevor Cohn and Steven Bird},
    booktitle = interspeech,
    ;;address = {San Francisco, California, USA},
    ;;month = {September},
    year = {2016}
}

@ARTICLE{su16latticeencoder,
   author = {{Su}, J. and {Tan}, Z. and {Xiong}, D. and {Liu}, Y.},
    title = {Lattice-Based Recurrent Neural Network Encoders for Neural Machine Translation},
  journal={arXiv preprint arXiv:1609.07730},
archivePrefix = "arXiv",
   eprint = {1609.07730},
 primaryClass = "cs.CL",
 keywords = {Computer Science - Computation and Language},
     year = 2016,
    ;;month = sep,
   adsurl = {http://adsabs.harvard.edu/abs/2016arXiv160907730S},
  adsnote = {Provided by the SAO/NASA Astrophysics Data System}
}

@inproceedings{epic,
   author = {Claudio Bendazzoli and Annalisa Sandrelli},
   title = {An Approach to Corpus-Based Interpreting Studies: Developing {EPIC} (European Parliament Interpreting Corpus)},
   booktitle = {Proceedings of Challenges of Multidimensional Translation},
   year = {2005},
}

@inproceedings{takezawa02btec,
  title={Toward a Broad-coverage Bilingual Corpus for Speech Translation of Travel Conversations in the Real World.},
  author={Takezawa, Toshiyuki and Sumita, Eiichiro and Sugaya, Fumiaki and Yamamoto, Hirofumi and Yamamoto, Seiichi},
  booktitle=lrec,
  ;;pages={147--152},
  year={2002}
}

@book{kay92verbmobil,
  title={Verbmobil: a translation system for face-to-face dialog},
  author={Kay, Martin and Norvig, Peter and Gawron, Mark},
  year={1992},
  publisher={University of Chicago Press}
}


@article{liu2004working,
  title={Working memory and expertise in simultaneous interpreting},
  author={Liu, Minhua and Schallert, Diane L and Carroll, Patrick J},
  journal={Interpreting},
  volume={6},
  number={1},
  ;;pages={19--42},
  year={2004},
  ;;publisher={John Benjamins Publishing Company}
}

@book{lambert1994bridging,
  title={Bridging the gap: Empirical research in simultaneous interpretation},
  author={Lambert, Sylvie and Moser-Mercer, Barbara},
  volume={3},
  year={1994},
  publisher={John Benjamins Publishing}
}

@inproceedings{oda14segmentation,
  title={Optimizing Segmentation Strategies for Simultaneous Speech Translation},
  author={Yusuke Oda and Graham Neubig and Sakriani Sakti and Tomoki Toda and Satoshi Nakamura},
  booktitle = acl,
  year=2014
}

@inproceedings{fujita13timing,
  title={Simple, Lexicalized Choice of Translation Timing for Simultaneous Speech Translation},
  author={Fujita, Tomoki and Neubig, Graham and Sakti, Sakriani and Toda, Tomoki and Nakamura, Satoshi},
  booktitle = interspeech,
  year={2013}
}
@inproceedings{grissom14simtrans,
   title = {Don't Until the Final Verb Wait: Reinforcement Learning for Simultaneous Machine Translation},
   booktitle = emnlp,
   author = {Alvin C. {Grissom II} and He He and Jordan Boyd-Graber and John Morgan and Hal {Daum\'{e} III}},
   year = {2014},
}
@inproceedings{oda15acl,
    title = {Syntax-based Simultaneous Translation through Prediction of Unseen Syntactic Constituents},
    author = {Yusuke Oda and Graham Neubig and Sakriani Sakti and Tomoki Toda and Satoshi Nakamura},
    booktitle = acl,
    ;;address = {Beijing, China},
    ;;month = {July},
    year = {2015}
}

@inproceedings{he15rewrite,
    Author = {He He and Alvin {Grissom II} and Jordan Boyd-Graber and John Morgan and Hal {Daum\'{e} III}},
    booktitle = emnlp,
    Year = {2015},
    Title = {Syntax-based Rewriting for Simultaneous Machine Translation},
}

@inproceedings{tsujioka16interspeech,
    title = {Unsupervised Joint Estimation of Grapheme-to-phoneme Conversion Systems and Acoustic Model Adaptation for Non-native Speech Recognition},
    author = {Satoshi Tsujioka and Sakriani Sakti and Koichiro Yoshino and Graham Neubig and Satoshi Nakamura},
    booktitle = interspeech,
    ;;address = {San Francisco, California, USA},
    ;;month = {September},
    year = {2016}
}
@article{takamichi16taslp,
    title = {Post-Filters to Modify the Modulation Spectrum for Statistical Parametric Speech Synthesis},
    author = {Shinnosuke Takamichi and Tomoki Toda and Alan W. Black and Graham Neubig and Sakriani Sakti and Satoshi Nakamura},
    journal = {IEEE Transactions on Audio, Speech and Language Processing},
    ;;month = {April},
    volume = {24},
    number = {4},
    ;;pages = {755--767},
    year = {2016}
}

@inproceedings{daume15lols,
    title     = {Learning to search better than your teacher},
    author = {Kai-Wei Chang and Akshay Krishnamurthy and Alekh Agarwal and Hal
                    {Daum\'e III} and John Langford},
    booktitle = icml,
    year      = {2015},
    url       = {http://hal3.name/docs/#daume15lols},
}

@book{sekiya2013inside,
  title={Inside a simultaneous interpreter's head (in Japanese)},
  author={Eriko Sekiya},
  year={2013},
  publisher={Shodensha}
}

@inproceedings{shimizu14corpus,
   author = {Hiroaki Shimizu and Graham Neubig and Sakriani Sakti and Tomoki Toda and Satoshi Nakamura},
   title = {Collection of a Simultaneous Translation Corpus for Comparative Analysis},
   booktitle = lrec,
   year = {2014},
}

@InProceedings{rush15attention,
  author    = {Rush, Alexander M.  and  Chopra, Sumit  and  Weston, Jason},
  title     = {A Neural Attention Model for Abstractive Sentence Summarization},
  booktitle = emnlp,
  ;;month     = {September},
  year      = {2015},
  ;;address   = {Lisbon, Portugal},
  ;;publisher = {Association for Computational Linguistics},
  ;;pages     = {379--389},
  url       = {http://aclweb.org/anthology/D15-1044}
}

@ARTICLE{gu16realtime,
   author = {{Gu}, Jiatao and {Neubig}, Graham and {Cho}, Kyunghyun and {Li}, Victor~O.~K.},
    title = {Learning to Translate in Real-time with Neural Machine Translation},
  journal={arXiv preprint arXiv:1610.00388},
archivePrefix = "arXiv",
   eprint = {1610.00388},
 primaryClass = "cs.CL",
 keywords = {Computer Science - Computation and Language, Computer Science - Learning},
     year = 2016,
    ;;month = oct,
   adsurl = {http://adsabs.harvard.edu/abs/2016arXiv161000388G},
  adsnote = {Provided by the SAO/NASA Astrophysics Data System}
}

@article{madnani2010generating,
  title={Generating phrasal and sentential paraphrases: A survey of data-driven methods},
  author={Madnani, Nitin and Dorr, Bonnie J},
  journal={Computational Linguistics},
  volume={36},
  number={3},
  ;;pages={341--387},
  year={2010},
  ;;publisher={MIT Press}
}

@InProceedings{vyas2016entailment,
  author    = {Vyas, Yogarshi  and  Carpuat, Marine},
  title     = {Sparse Bilingual Word Representations for Cross-lingual Lexical Entailment},
  booktitle = naacl,
  ;;month     = {June},
  year      = {2016},
  ;;address   = {San Diego, California},
  ;;publisher = {Association for Computational Linguistics},
  ;;pages     = {1187--1197},
  url       = {http://www.aclweb.org/anthology/N16-1142}
}

@inproceedings{paulik09speechtrans,
  title = {Automatic Translation from Parallel Speech: Simultaneous Interpretation as MT Training Data},
  author = {Matthias Paulik and Alex Waibel},
  booktitle = asru,
  year = 2009
}

@inproceedings{paulik10speechtrans,
  title = {Spoken Language Translation from Parallel Speech Audio: Simultaneous Interpretation as SLT Training Data},
  author = {Matthias Paulik and Alex Waibel},
  booktitle = icassp,
  year = 2010
}

@book{gile2009basic,
  title={Basic concepts and models for interpreter and translator training},
  author={Gile, Daniel},
  volume={8},
  year={2009},
  publisher={John Benjamins Publishing}
}

@inproceedings{kumar-byrne:2004:HLTNAACL,
  author    = {Kumar, Shankar  and  Byrne, William},
  title     = {Minimum Bayes-Risk Decoding for Statistical Machine Translation},
  booktitle = naacl,
  ;;editor = {Susan Dumais, Daniel Marcu and Salim Roukos},
  year      = 2004,
  ;;month     = {May 2 - May 7},
  ;;address   = {Boston, Massachusetts, USA},
  ;;publisher = {Association for Computational Linguistics},
  ;;pages     = {169--176}
}


@InProceedings{denero-chiang-knight:2009:ACLIJCNLP,
  author    = {DeNero, John  and  Chiang, David  and  Knight, Kevin},
  title     = {Fast Consensus Decoding over Translation Forests},
  booktitle = acl,
  ;;month     = {August},
  year      = {2009},
  ;;address   = {Suntec, Singapore},
  ;;publisher = {Association for Computational Linguistics},
  ;;pages     = {567--575},
  url       = {http://www.aclweb.org/anthology/P/P09/P09-1064}
}

@InProceedings{tai-socher-manning:2015:ACL-IJCNLP,
  author    = {Tai, Kai Sheng  and  Socher, Richard  and  Manning, Christopher D.},
  title     = {Improved Semantic Representations From Tree-Structured Long Short-Term Memory Networks},
  booktitle = acl,
  ;;month     = {July},
  year      = {2015},
  ;;address   = {Beijing, China},
  ;;publisher = {Association for Computational Linguistics},
  ;;pages     = {1556--1566},
  url       = {http://www.aclweb.org/anthology/P15-1150}
}

@article{xiong2016topic,
  title={Topic-based term translation models for statistical machine translation},
  author={Xiong, Deyi and Meng, Fandong and Liu, Qun},
  journal={Artificial Intelligence},
  volume={232},
  pages={54--75},
  year={2016},
  ;;publisher={Elsevier}
}

@InProceedings{aletras2013representing,
  author    = {Aletras, Nikolaos  and  Stevenson, Mark},
  title     = {Representing Topics Using Images},
  booktitle = naacl,
  ;;month     = {June},
  year      = {2013},
  ;;address   = {Atlanta, Georgia},
  ;;publisher = {Association for Computational Linguistics},
  ;;pages     = {158--167},
  ;;url       = {http://www.aclweb.org/anthology/N13-1016}
}


@inproceedings{bahdanau15alignandtranslate,
  title={Neural machine translation by jointly learning to align and translate},
  author={Bahdanau, Dzmitry and Cho, Kyunghyun and Bengio, Yoshua},
  booktitle=iclr,
  year={2015}
}

@book{schuler1993participatory,
  title={Participatory design: Principles and practices},
  author={Schuler, Douglas and Namioka, Aki},
  year={1993},
  publisher={CRC Press}
}

@article{hart1988nasatlx,
  title={Development of NASA-TLX (Task Load Index): Results of empirical and theoretical research},
  author={Hart, Sandra G and Staveland, Lowell E},
  journal={Advances in psychology},
  volume={52},
  pages={139--183},
  year={1988},
  publisher={Elsevier}
}

@article{smith2017evaluating,
  title={Evaluating Visual Representations for Topic Understanding and Their Effects on Manually Generated Topic Labels},
  author={Smith, Alison and Lee, Tak Yeon and Poursabzi-Sangdeh, Forough and Boyd-Graber, Jordan and Elmqvist, Niklas and Findlater, Leah},
  year={2017}
}

@article{smith2017visual,
	author = {Smith, Alison  and Lee, Tak  and Poursabzi-Sangdeh, Forough  and Boyd-Graber, Jordan  and Elmqvist, Niklas  and Findlater, Leah },
	title = {Evaluating Visual Representations for Topic Understanding and Their Effects on Manually Generated Labels},
	journal = TACL,
	volume = {5},
	year = {2017},
	keywords = {},
	issn = {2307-387X},
	url = {https://transacl.org/ojs/index.php/tacl/article/view/887},
	pages = {1--15}
}

@article{lee2017human,
  title={The human touch: How non-expert users perceive, interpret, and fix topic models},
  author={Lee, Tak Yeon and Smith, Alison and Seppi, Kevin and Elmqvist, Niklas and Boyd-Graber, Jordan and Findlater, Leah},
  journal={International Journal of Human-Computer Studies},
  volume={105},
  pages={28--42},
  year={2017},
  publisher={Elsevier}
}

@inproceedings{smith2016humancentered,
  Author = {Alison Smith and Tak Yeon Lee and Forough Poursabzi-Sangdeh and Jordan Boyd-Graber and Kevin Seppi and Niklas Elmqvist and Leah Findlater},
  Booktitle = {CHI Human Centred Machine Learning Workshop},
  Year = {2016},
  Location = {San Jose, CA},
  Title = {Human-Centered and Interactive: Expanding the Impact of Topic Models},
}

@inproceedings{poursabzi2016alto,
  title={ALTO: Active learning with topic overviews for speeding label induction and document labeling},
  author={Poursabzi-Sangdeh, Forough and Boyd-Graber, Jordan and Findlater, Leah and Seppi, Kevin},
  booktitle=ACL,
  volume={1},
  pages={1158--1169},
  year={2016}
}


@inproceedings{smith2016uncertainty,
  Author = {Alison Smith and Varun Kumar and Jordan Boyd-Graber and Kevin Seppi and Leah Findlater},
  Booktitle = {Designing for Uncertainty in HCI Workshop at CHI 2017},
  Year = {2016},
  Title = {Accounting for Input Uncertainty in Human-in-the-Loop Systems},
}

@article{sperber2017latticetosequence,
  title={Neural Lattice-to-Sequence Models for Uncertain Inputs},
  author={Sperber, Matthias and Neubig, Graham and Niehues, Jan and Waibel, Alex},
  journal={arXiv preprint arXiv:1704.00559},
  year={2017}
}

@inproceedings{williams2016cost,
  title={The Cost of Turning Heads: A Comparison of a Head-Worn Display to a Smartphone for Supporting Persons with Aphasia in Conversation},
  author={Williams, Kristin and Moffatt, Karyn and Hong, Jonggi and Faroqi-Shah, Yasmeen and Findlater, Leah},
  booktitle={Proceedings of the 18th International ACM SIGACCESS Conference on Computers and Accessibility},
  pages={111--120},
  year={2016},
  organization={ACM}
}

@inproceedings{williams2015designing,
  title={Designing conversation cues on a head-worn display to support persons with aphasia},
  author={Williams, Kristin and Moffatt, Karyn and McCall, Denise and Findlater, Leah},
  booktitle={Proceedings of the 33rd Annual ACM Conference on Human Factors in Computing Systems},
  pages={231--240},
  year={2015},
  organization={ACM}
}

@article{jain2015head,
  title={Head-Mounted Display Visualizations to Support Sound Awareness for the Deaf and Hard of Hearing},
  author={Jain, Dhruv and Findlater, Leah and Gilkeson, Jamie and Holland, Benjamin and Duraiswami, Ramani and Zotkin, Dmitry and Vogler, Christian and Froehlich, Jon E},
  year={2015}
}

@inproceedings{fantinuoli2016interpretbank,
  title={InterpretBank. Redefining computer-assisted interpreting tools},
  author={Fantinuoli, Claudio},
  booktitle={Proceedings of the Translating and the Computer 38 Conference in London},
  pages={42--52},
  year={2016}
}

@InProceedings{specia2013quest,
  author    = {Specia, Lucia  and  Shah, Kashif  and  de Souza, Jose G.C.  and  Cohn, Trevor},
  title     = {QuEst - A translation quality estimation framework},
  booktitle = {Proceedings of the 51st Annual Meeting of the Association for Computational Linguistics: System Demonstrations},
  month     = {August},
  year      = {2013},
  address   = {Sofia, Bulgaria},
  publisher = {Association for Computational Linguistics},
  pages     = {79--84},
  url       = {http://www.aclweb.org/anthology/P13-4014}
}

@inproceedings{stewart18acl,
    title = {Automatic Estimation of Simultaneous Interpreter Performance},
    author = {Craig Stewart and Nikolai Vogler and Junjie Hu and Jordan Boyd-Graber and Graham Neubig},
    booktitle = acl,
    address = {Melbourne, Australia},
    month = {July},
    url = {https://arxiv.org/abs/1805.04016},
    year = {2018}
}

@inproceedings{hu18wmt,
    title = {Contextual Encoding for Translation Quality Estimation},
    author = {Junjie Hu and Wei-Cheng Chang and Yuexin Wu and Graham Neubig},
    booktitle = {3rd Conference on Machine Translation (WMT)},
    address = {Brussels, Belgium},
    month = {October},
    url = {https://arxiv.org/abs/1809.00129},
    year = {2018}
}


@inproceedings{bach2011goodness,
  title={Goodness: A method for measuring machine translation confidence},
  author={Bach, Nguyen and Huang, Fei and Al-Onaizan, Yaser},
  booktitle={Proceedings of the 49th Annual Meeting of the Association for Computational Linguistics: Human Language Technologies-Volume 1},
  pages={211--219},
  year={2011},
  organization={Association for Computational Linguistics}
}

@inproceedings{banerjee05meteor,
	author = {Banerjee, Satanjeev and Lavie, Alon},
	booktitle = ACL05 # " Workshop",
	title = {{METEOR}: An automatic metric for {MT} evaluation with improved correlation with human judgments},
	year = {2005}
}
@article{settles2012active,
  title={Active Learning (Synthesis Lectures on Artificial Intelligence and Machine Learning)},
  author={Settles, Burr},
  journal={Long Island, NY: Morgan \& Clay Pool},
  year={2012}
}

@inproceedings{baltruvsaitis2016openface,
  title={Openface: an open source facial behavior analysis toolkit},
  author={Baltru{\v{s}}aitis, Tadas and Robinson, Peter and Morency, Louis-Philippe},
  booktitle={Applications of Computer Vision (WACV), 2016 IEEE Winter Conference on},
  pages={1--10},
  year={2016},
  organization={IEEE}
}

@book{sutton1998introduction,
  title={Introduction to reinforcement learning},
  author={Sutton, Richard S and Barto, Andrew G},
  volume={135},
  year={1998},
  publisher={MIT press Cambridge}
}

@article{williams1992simple,
  title={Simple statistical gradient-following algorithms for connectionist reinforcement learning},
  author={Williams, Ronald J},
  journal={Machine learning},
  volume={8},
  number={3-4},
  pages={229--256},
  year={1992},
  publisher={Springer}
}

@inproceedings{gu17eacl,
    title = {Learning to Translate in Real-time with Neural Machine Translation},
    author = {Jiatao Gu and Graham Neubig and Kyunghyun Cho and Victor O.K. Li},
    booktitle = {15th Conference of the European Chapter of the Association for Computational Linguistics (EACL)},
    address = {Valencia, Spain},
    month = {April},
    url = {http://www.phontron.com/paper/gu17eacl.pdf},
    year = {2017}
}

@inproceedings{adams18lrec,
    title = {Evaluating Phonemic Transcription of Low-Resource Tonal Languages for Language Documentation},
    author = {Oliver Adams and Trevor Cohn and Graham Neubig and Hilaria Cruz and Steven Bird and Alexis Michaud},
    booktitle = {Language Resources and Evaluation Conference (LREC)},
    address = {Miyazaki, Japan},
    month = {May},
    url = {http://www.phontron.com/paper/adams18lrec.pdf},
    year = {2018}
}

