@incollection{Bengio+chapter2007,
author = {Bengio, Yoshua and LeCun, Yann},
booktitle = {Large Scale Kernel Machines},
publisher = {MIT Press},
title = {Scaling Learning Algorithms Towards {AI}},
year = {2007}
}

@article{Hinton06,
author = {Hinton, Geoffrey E. and Osindero, Simon and Teh, Yee Whye},
journal = {Neural Computation},
pages = {1527--1554},
title = {A Fast Learning Algorithm for Deep Belief Nets},
volume = {18},
year = {2006}
}

@book{goodfellow2016deep,
title={Deep learning},
author={Goodfellow, Ian and Bengio, Yoshua and Courville, Aaron and Bengio, Yoshua},
volume={1},
year={2016},
publisher={MIT Press}
}

@inproceedings{aqa-iclr:2018,
 title={Ask the Right Questions: Active Question Reformulation with Reinforcement Learning},
  author={Christian Buck and Jannis Bulian and Massimiliano Ciaramita and Andrea Gesmundo and Neil Houlsby and Wojciech Gajewski and Wei Wang},
 booktitle = {Proceedings of ICLR},
 year = {2018},
}

@article{nq,
title	= {Natural Questions: a Benchmark for Question Answering Research},
author	= {Tom Kwiatkowski and Jennimaria Palomaki and Olivia Redfield and Michael Collins and Ankur Parikh and Chris Alberti and Danielle Epstein and Illia Polosukhin and Matthew Kelcey and Jacob Devlin and Kenton Lee and Kristina N. Toutanova and Llion Jones and Ming-Wei Chang and Andrew Dai and Jakob Uszkoreit and Quoc Le and Slav Petrov},
year	= {2019},
journal	= {Transactions of the Association of Computational Linguistics}
}

@article{devlin2018bert,
  title={Bert: Pre-training of deep bidirectional transformers for language understanding},
  author={Devlin, Jacob and Chang, Ming-Wei and Lee, Kenton and Toutanova, Kristina},
  journal={arXiv preprint arXiv:1810.04805},
  year={2018}
}

@inproceedings{rajpurkar-etal-2016-squad,
    title = "{SQ}u{AD}: 100,000+ Questions for Machine Comprehension of Text",
    author = "Rajpurkar, Pranav  and
      Zhang, Jian  and
      Lopyrev, Konstantin  and
      Liang, Percy",
    booktitle = "Proceedings of the 2016 Conference on Empirical Methods in Natural Language Processing",
    pages = "2383--2392",
    year = "2016"
}

@inproceedings{mudrakarta-etal-2018-model,
    title = "Did the Model Understand the Question?",
    author = "Mudrakarta, Pramod Kaushik  and
      Taly, Ankur  and
      Sundararajan, Mukund  and
      Dhamdhere, Kedar",
    booktitle = "Proceedings of the 56th Annual Meeting of the Association for Computational Linguistics (Volume 1: Long Papers)",
    year = "2018",
    pages = "1896--1906",
}

@inproceedings{jia-liang-2017-adversarial,
    title = "Adversarial Examples for Evaluating Reading Comprehension Systems",
    author = "Jia, Robin  and
      Liang, Percy",
    booktitle = "Proceedings of the 2017 Conference on Empirical Methods in Natural Language Processing",
    year = "2017",
    pages = "2021--2031",
}

@article{Xie:2002:PII:566014.566017,
 author = {Xie, Hong (Iris)},
 title = {Patterns Between Interactive Intentions and Information-seeking Strategies},
 journal = {Inf. Process. Manage.},
 issue_date = {January 2002},
 volume = {38},
 number = {1},
 year = {2002},
 pages = {55--77},
} 

@article{Marchionini:2006,
 author = {Marchionini, Gary},
 title = {Exploratory Search: From Finding to Understanding},
 journal = {Commun. ACM},
 volume = {49},
 number = {4},
 year = {2006},
}

@inproceedings{han-etal-2019-episodic,
    title = "Episodic Memory Reader: Learning What to Remember for Question Answering from Streaming Data",
    author = "Han, Moonsu  and
      Kang, Minki  and
      Jung, Hyunwoo  and
      Hwang, Sung Ju",
    booktitle = "Proceedings of the 57th Annual Meeting of the Association for Computational Linguistics",
    year = "2019",
    pages = "4407--4417",
}

@inproceedings{lee-etal-2019-latent,
    title = "Latent Retrieval for Weakly Supervised Open Domain Question Answering",
    author = "Lee, Kenton  and
      Chang, Ming-Wei  and
      Toutanova, Kristina",
    booktitle = "Proceedings of the 57th Annual Meeting of the Association for Computational Linguistics",
    year = "2019",
    pages = "6086--6096",
}

@inproceedings{rajpurkar-etal-2018-know,
    title = "Know What You Don{'}t Know: Unanswerable Questions for {SQ}u{AD}",
    author = "Rajpurkar, Pranav  and
      Jia, Robin  and
      Liang, Percy",
    booktitle = "Proceedings of the 56th Annual Meeting of the Association for Computational Linguistics (Volume 2: Short Papers)",
    year = "2018",
    pages = "784--789",
}

@inproceedings{alberti-etal-2019-synthetic,
    title = "Synthetic {QA} Corpora Generation with Roundtrip Consistency",
    author = "Alberti, Chris  and
      Andor, Daniel  and
      Pitler, Emily  and
      Devlin, Jacob  and
      Collins, Michael",
    booktitle = "Proceedings of the 57th Annual Meeting of the Association for Computational Linguistics",
    year = "2019",
    pages = "6168--6173",
}

@article{chris-a,
  title={A {BERT} {B}aseline for the {N}atural {Q}uestions},
  author={Alberti, Chris and Lee, Kenton and Collins, Michael},
  journal={https://arxiv.org/abs/1901.08634},
  year={2019}
}

@InProceedings{lee-chang-toutanova:2019:ACL2019,
  author    = {Lee, Kenton  and  Chang, Ming-Wei and Toutanova, Kristina},
  title     = {Latent Retrieval for Weakly Supervised Open Domain Question Answering},
  booktitle = {Proceedings of the Conference of Association for Computational Linguistics},
  year      = {2019},
}

@article{multi-passage-bert,
  title = {Multi-passage BERT: A Globally Normalized BERT Model for Open-domain Question Answering},
  author={Wang, Zhiguo and Ng, Patrick and Ma, Xiaofei and Nallapati, Ramesh and Xiang, Bing},
  journal={https://arxiv.org/abs/1908.08167},
  year={2019}
}

@InProceedings{pmlr-v80-espeholt18a,
  title = 	 {{IMPALA}: Scalable Distributed Deep-{RL} with Importance Weighted Actor-Learner Architectures},
  author = 	 {Espeholt, Lasse and Soyer, Hubert and Munos, Remi and Simonyan, Karen and Mnih, Vlad and Ward, Tom and Doron, Yotam and Firoiu, Vlad and Harley, Tim and Dunning, Iain and Legg, Shane and Kavukcuoglu, Koray},
  booktitle = 	 {Proceedings of the 35th International Conference on Machine Learning},
  pages = 	 {1407--1416},
  year = 	 {2018},
}

@inproceedings{nishida-etal-2019-answering,
    title = "Answering while Summarizing: Multi-task Learning for Multi-hop {QA} with Evidence Extraction",
    author = "Nishida, Kosuke  and
      Nishida, Kyosuke  and
      Nagata, Masaaki  and
      Otsuka, Atsushi  and
      Saito, Itsumi  and
      Asano, Hisako  and
      Tomita, Junji",
    booktitle = "Proceedings of the 57th Annual Meeting of the Association for Computational Linguistics",
    year = "2019",
    pages = "2335--2345",
}

@inproceedings{niven-kao-2019-probing,
    title = "Probing Neural Network Comprehension of Natural Language Arguments",
    author = "Niven, Timothy  and
      Kao, Hung-Yu",
    booktitle = "Proceedings of the 57th Annual Meeting of the Association for Computational Linguistics",
    year = "2019",
    pages = "4658--4664",
}

@article{bert-baseline,
  title = {A BERT Baseline for the Natural Questions},
  author={Alberti, Chris and Lee, Kenton and Collins, Michael},
  journal={https://arxiv.org/abs/1901.08634},
  year={2019}
}

@article{bellemare-etal-neurips-2019,
  title = {A Geometric Perspective on Optimal Representations for Reinforcement Learning},
  author={Bellemare, Marc G. and Dabney, Will and Dadashi, Robert and Taiga, Adrien Ali and Castro, Pablo Samuel and Le Roux, Nicolas and Schuurmans, Dale and Lattimore, Tor and Lyle, Clare},
  journal={NeurIPS},
  year={2019}
}

@inproceedings{Nogueira:2017,
 author = {Nogueira, Rodrigo and Cho, Kyunghyun},
    title={Task-Oriented Query Reformulation with Reinforcement Learning},
    booktitle={Proceedings of EMNLP},
    year={2017},
}

@inproceedings{such-etal-2019,
 title = {An Atari Model Zoo for Analyzing, Visualizing, and Comparing Deep Reinforcement Learning Agents},
 author = {Such, Felipe and Madhavan, Vashish and Liu, Rosanne and Wang, Rui and Castro, Pablo and Li, Yulun and Zhi, Jiale and Schubert, Ludwig and Bellemare, Marc and Clune, Jeff and Lehman, Joel},
 booktitle = {Proceedings of IJCAI 2019},
 year = {2019},
}

@inproceedings{jaderberg-iclr:2017,
 title={Reinforcement Learning with Unsupervised Auxiliary Tasks},
  author={Jaderberg, Max and Mnih, Volodymyr and Czarnecki, Wojciech and Schaul, Tom and Leibo, Joel Z. and Silver, David and Kavukcuoglu, Koray},
 booktitle = {Proceedings of ICLR},
 year = {2017},
}

@article{radford2019language,
  title={Language Models are Unsupervised Multitask Learners},
  author={Radford, Alec and Wu, Jeff and Child, Rewon and Luan, David and Amodei, Dario and Sutskever, Ilya},
  year={2019}
}

@incollection{NIPS2017_7181,
title = {Attention is All you Need},
author = {Vaswani, Ashish and Shazeer, Noam and Parmar, Niki and Uszkoreit, Jakob and Jones, Llion and Gomez, Aidan N and Kaiser, \L ukasz and Polosukhin, Illia},
booktitle = {Advances in Neural Information Processing Systems 30},
pages = {5998--6008},
year = {2017},
}

@ARTICLE{lemons,
title = {The Market for "Lemons": Quality Uncertainty and the Market Mechanism},
author = {Akerlof, George},
year = {1970},
journal = {The Quarterly Journal of Economics},
volume = {84},
number = {3},
pages = {488-500},
}

@Book{osborne-rubinstein,
  author={Martin J. Osborne and Ariel Rubinstein},
  title={{A Course in Game Theory}},
  publisher={The MIT Press},
  year=1994,
  series={MIT Press Books},
}

@inproceedings{yang-etal-2018-hotpotqa,
    title = "{H}otpot{QA}: A Dataset for Diverse, Explainable Multi-hop Question Answering",
    author = "Yang, Zhilin  and
      Qi, Peng  and
      Zhang, Saizheng  and
      Bengio, Yoshua  and
      Cohen, William  and
      Salakhutdinov, Ruslan  and
      Manning, Christopher D.",
    booktitle = "Proceedings of the 2018 Conference on Empirical Methods in Natural Language Processing",
    year = "2018",
}

@inproceedings{thorne-etal-2018-fact,
    title = "The Fact Extraction and {VER}ification ({FEVER}) Shared Task",
    author = "Thorne, James  and
      Vlachos, Andreas  and
      Cocarascu, Oana  and
      Christodoulopoulos, Christos  and
      Mittal, Arpit",
    booktitle = "Proceedings of the First Workshop on Fact Extraction and {VER}ification ({FEVER})",
    year = "2018",
}

@article{semantic-ir,
  title = {Revealing the Importance of Semantic Retrieval for Machine Reading at Scale},
  author={Nie, Yixin and Wang, Songhe and Bansal, Mohit},
  journal={https://arxiv.org/abs/1909.08041},
  year={2019}
}

@article{roberta_paper,
  author    = {Yinhan Liu and
               Myle Ott and
               Naman Goyal and
               Jingfei Du and
               Mandar Joshi and
               Danqi Chen and
               Omer Levy and
               Mike Lewis and
               Luke Zettlemoyer and
               Veselin Stoyanov},
  title     = {RoBERTa: {A} Robustly Optimized {BERT} Pretraining Approach},
  journal   = {CoRR},
  volume    = {abs/1907.11692},
  year      = {2019},
  url       = {http://arxiv.org/abs/1907.11692},
  archivePrefix = {arXiv},
  eprint    = {1907.11692},
  timestamp = {Thu, 01 Aug 2019 08:59:33 +0200},
  biburl    = {https://dblp.org/rec/bib/journals/corr/abs-1907-11692},
  bibsource = {dblp computer science bibliography, https://dblp.org}
}

@inproceedings{Thorne18Fever,
    author = {Thorne, James and Vlachos, Andreas and Christodoulopoulos, Christos and Mittal, Arpit},
    title = {{FEVER}: a Large-scale Dataset for Fact Extraction and {VERification}},
    booktitle = {NAACL-HLT},
    year = {2018}
}

@inproceedings{magnini-etal-2002-right,
    title = "Is It the Right Answer? Exploiting Web Redundancy for Answer Validation",
    author = "Magnini, Bernardo  and
      Negri, Matteo  and
      Prevete, Roberto  and
      Tanev, Hristo",
    booktitle = "Proceedings of the 40th Annual Meeting of the Association for Computational Linguistics",
    year = "2002",
    pages = "425--432",
}

@Book{joy-of-search,
  author={ Daniel M. Russell},
  title={{The Joy of Search: A Google Insider's Guide to Going Beyond the Basics}},
  publisher={The MIT Press},
  year=2019,
}

@article{alphastar,
  author    = {
   Vinyals, Oriol and
   Babuschkin, Igor and
   Czarnecki, Wojciech M. and
   Mathieu, Michaël and
   Dudzik, Andrew and
   Chung, Junyoung and
   Choi, David H. and
   Powell, Richard and
   Ewalds, Timo and
   Georgiev, Petko and
   Oh, Junhyuk and
   Horgan, Dan and
   Kroiss, Manuel and
   Danihelka, Ivo and
   Huang, Aja and
   Sifre, Laurent and
   Cai, Trevor and
   Agapiou, John P. and
   Jaderberg, Max and
   Vezhnevets, Alexander S. and
   Leblond, Rémi and
   Pohlen, Tobias and
   Dalibard, Valentin and
   Budden, David and
   Sulsky, Yury and
   Molloy, James and
   Paine, Tom L. and
   Gulcehre, Caglar and
   Wang, Ziyu and
   Pfaff, Tobias and
   Wu, Yuhuai and
   Ring, Roman and
   Yogatama, Dani and
   W\"{u}nsch, Dario and
   McKinney, Katrina and
   Smith, Oliver and
   Schaul, Tom and
   Lillicrap, Timothy and
   Kavukcuoglu, Koray and
   Hassabis, Demis and
   Apps, Chris and
   Silver, David
  },
  title     = {Grandmaster level in {StarCraft II} using multi-agent reinforcement learning},
  journal   = {Nature},
  volume    = {575},
  year      = {2019},
}

@article{yuan2019imrc,
  title={Interactive Machine Comprehension with Information Seeking Agents},
  author={Yuan, Xingdi and Fu, Jie and C\^ot\'{e}, Marc-Alexandre and Tay, Yi and Pal, Christopher and Trischler, Adam},
  journal={CoRR},
  volume={abs/1908.10449},
  year= {2019},
  archivePrefix={arXiv},
  eprint={1908.10449}
}

@inproceedings{choi-etal-2017-coarse,
    title = "Coarse-to-Fine Question Answering for Long Documents",
    author = "Choi, Eunsol  and
      Hewlett, Daniel  and
      Uszkoreit, Jakob  and
      Polosukhin, Illia  and
      Lacoste, Alexandre  and
      Berant, Jonathan",
    booktitle = "Proceedings of the 55th Annual Meeting of the Association for Computational Linguistics (Volume 1: Long Papers)",
    year = "2017",
}

@inproceedings{
seo2018neural,
title={Neural Speed Reading via Skim-{RNN}},
author={Minjoon Seo and Sewon Min and Ali Farhadi and Hannaneh Hajishirzi},
booktitle={International Conference on Learning Representations},
year={2018},
url={https://openreview.net/forum?id=Sy-dQG-Rb},
}

@inproceedings{
hansen2018neural,
title={Neural Speed Reading with Structural-Jump-{LSTM}},
author={Christian Hansen and Casper Hansen and Stephen Alstrup and Jakob Grue Simonsen and Christina Lioma},
booktitle={International Conference on Learning Representations},
year={2019},
url={https://openreview.net/forum?id=B1xf9jAqFQ},
}

@inproceedings{trischler-etal-2017-newsqa,
    title = "{N}ews{QA}: A Machine Comprehension Dataset",
    author = "Trischler, Adam  and
      Wang, Tong  and
      Yuan, Xingdi  and
      Harris, Justin  and
      Sordoni, Alessandro  and
      Bachman, Philip  and
      Suleman, Kaheer",
    booktitle = "Proceedings of the 2nd Workshop on Representation Learning for {NLP}",
    year = "2017",
}

@article{Hung2019,
  title={Optimizing agent behavior over long time scales by transporting value},
  author={
  Hung, Chia-Chun and
  Lillicrap, Timothy and
  Abramson, Josh and
  Wu, Yan and
  Mirza, Mehdi and
  Carnevale, Federico and
  Ahuja, Arun and
  Wayne, Greg
  },
 journal={Nature Communications},
 volume={10},
 year= {2019},
 }

