@article{bauschke1996projection,
  title={On projection algorithms for solving convex feasibility problems},
  author={Bauschke, Heinz H. and Borwein, Jonathan M.},
  journal={SIAM review},
  volume={38},
  number={3},
  pages={367--426},
  year={1996},
  doi={10.1137/S0036144593251710},
  publisher={SIAM}
}

@article{gubin1967method,
  title={The method of projections for finding the common point of convex sets},
  author={Gubin, L.G. and Polyak, B.T. and Raik, E.V.},
  journal={USSR Computational Mathematics and Mathematical Physics},
  volume={7},
  number={6},
  pages={1--24},
  year={1967},
  publisher={Elsevier}
}

@article{bauschke1993convergence,
  title={On the convergence of von {N}eumann's alternating projection algorithm for two sets},
  author={Bauschke, Heinz H. and Borwein, Jonathan M.},
  journal={Set-Valued Analysis},
  volume={1},
  number={2},
  pages={185--212},
  year={1993},
  publisher={Springer}
}

@article{zhu2018convergence,
  title={Convergence analysis of alternating nonconvex projections},
  author={Zhu, Zhihui and Li, Xiao},
  journal={arXiv preprint arXiv:1802.03889},
  url={http://arxiv.org/abs/1802.03889},
  year={2018}
}

@article{boyd2003alternating,
  title={Alternating projections},
  author={Boyd, Stephen and Dattorro, Jon and others},
  journal={EE392o, Stanford University},
  year={2003}
}
