@inproceedings{haapalainen2010psycho,
  title={Psycho-physiological measures for assessing cognitive load},
  author={Haapalainen, Eija and Kim, SeungJun and Forlizzi, Jodi F and Dey, Anind K},
  booktitle={Proceedings of the 12th ACM international conference on Ubiquitous computing},
  pages={301--310},
  year={2010},
  organization={ACM}
}

@article{seeber2013cognitive,
  title={Cognitive load in simultaneous interpreting: Measures and methods},
  author={Seeber, Kilian G},
  journal={Target. International Journal of Translation Studies},
  volume={25},
  number={1},
  pages={18--32},
  year={2013},
  publisher={John Benjamins Publishing Company}
}