@inproceedings{radovanovic-2010,
  author = {Milos Radovanovi\'{c} and Alexandros Nanopoulos and Mirjana Ivanovic},
  title= {Hubs in space: {P}opular nearest neighbors in high-dimensional data},
  booktitle = jmlr,
  year = {2010}
}

@inproceedings{xing-15,
  author = {Chao Xing and Dong Wang and Chao Liu and Yiye Lin},
  title= {Normalized word embedding and orthogonal transform for bilingual word translation},
  booktitle = naacl,
  doi = "10.3115/v1/N15-1104",
  year = {2015}
}

@inproceedings{ling-15a,
  author = {Wang Ling and Chris Dyer and Alan W. Black and Isabel Trancoso and Ramon Fermandez and Silvio Amir and Lu{\'{\i}}s Marujo and Tiago Lu{\'{\i}}s},
  title = {Finding Function in Form: Compositional Character Models for Open Vocabulary Word Representation},
  booktitle = emnlp,
  url = {http://aclweb.org/anthology/D/D15/D15-1176.pdf},
  year = {2015}
}

@inproceedings{pinter-17,
  author = {Yuval Pinter and Robert Guthrie and Jacob Eisenstein},
  title = {Mimicking Word Embeddings using Subword RNNs},
  booktitle = emnlp,
  url = {https://aclanthology.info/papers/D17-1010/d17-1010},
  year = {2017}
}

@article{graves-05,
  author = {Alex Graves and J{\"{u}}rgen Schmidhuber},
  title = {Framewise Phoneme Classification with Bidirectional {LSTM} and Other
    Neural Network Architectures},
  journal = {Neural Networks},
  volume = {18},
  number = {5-6},
  pages = {602--610},
  doi = {10.1016/j.neunet.2005.06.042},
  year = {2005}
}

@article{mikolov-13b,
  title={Exploiting Similarities among Languages for Machine Translation},
  author={Mikolov, Tomas and Le, Quoc V. and Sutskever, Ilya},
  url = {http://arxiv.org/abs/1309.4168},
  journal={arXiv preprint arXiv:1309.4168},
  year={2013}
}

@article{lewis-04,
  title = {{RCV1}: A New Benchmark Collection for Text Categorization Research},
  author = {Lewis, David D. and Yang, Yiming and Rose, Tony G. and Li, Fan},
  url = {http://jmlr.org/papers/volume5/lewis04a/lewis04a.pdf},
  journal = jmlr,
  volume = {5},
  number = {Apr},
  pages = {361--397},
  year = {2004}
}

@article{ammar-16,
  title = {Massively multilingual word embeddings},
  author = {Ammar, Waleed and Mulcaire, George and Tsvetkov, Yulia and Lample, Guillaume and Dyer, Chris and Smith, Noah A.},
  journal={arXiv preprint arXiv:1602.01925},
  url={http://arxiv.org/abs/1602.01925},
  year={2016}
}

@article{ruder-17,
  title = {A survey of cross-lingual embedding models},
  author = {Ruder, Sebastian and VuliÄ‡, Ivan and S{\o}gaard, Anders},
  journal = {arXiv preprint arXiv:1706.04902},
  url       = {http://arxiv.org/abs/1706.04902},
  year = {2017}
}

@inproceedings{kawakami-17,
  author = {Kazuya Kawakami and Chris Dyer and Phil Blunsom},
  title = {Learning to Create and Reuse Words in Open-Vocabulary Neural Language Modeling},
  booktitle = acl,
  year = {2017}
}

@inproceedings{luong-16,
  author = {Minh{-}Thang Luong and Christopher D. Manning},
  title = {Achieving Open Vocabulary Neural Machine Translation with Hybrid Word-Character Models},
  booktitle = acl,
  year = {2016}
}

@inproceedings{stratos-17,
  author = {Karl Stratos},
  title = {Reconstruction of Word Embeddings from Sub-Word Parameters},
  booktitle = {Proceedings of the First EMNLP Workshop on Subword and Character Level Models in NLP},
  year = {2017}
}

@inproceedings{kann-17,
  author = {Katharina Kann and Ryan Cotterell and Hinrich Sch{\"{u}}tze},
  title = {One-Shot Neural Cross-Lingual Transfer for Paradigm Completion},
  booktitle = acl,
  doi = {10.18653/v1/P17-1182},
  year = {2017}
}

@inproceedings{cotterell-17a,
  author    = {Ryan Cotterell and
               Georg Heigold},
  title     = {Cross-lingual Character-Level Neural Morphological Tagging},
  booktitle = {Empirical Methods in Natural Language Processing},
  url       = {https://aclanthology.info/papers/D17-1078/d17-1078},
  year      = {2017}
}

@inproceedings{cotterell-17b,
  author    = {Ryan Cotterell and
               Kevin Duh},
  title     = {Low-Resource Named Entity Recognition with Cross-lingual, 
               Character-Level Neural Conditional Random Fields},
  booktitle = {International Joint Conference on Natural Language Processing},
  url       = {https://aclanthology.info/papers/I17-2016/i17-2016},
  year      = {2017}
}

@book{lewis-09,
  title={Ethnologue: Languages of the world},
  author={Lewis, M. Paul and Simons, Gary F. and Fennig, Charles D. and others},
  volume={16},
  year={2009},
  publisher={SIL international Dallas, TX}
}

@inproceedings{kingma-15,
  title={Adam: A method for stochastic optimization},
  author={Kingma, Diederik P. and Ba, Jimmy},
  booktitle={International Conference on Learning Representations},
  year={2015}
}

@article{collobert-11b,
  author = {Ronan Collobert and Jason Weston and L{\'{e}}on Bottou and Michael Karlen and Koray Kavukcuoglu and Pavel P. Kuksa},
  title = {Natural Language Processing (Almost) from Scratch},
  url = {http://dl.acm.org/citation.cfm?id=2078186},
  journal = jmlr,
  volume = {12},
  pages = {2493--2537},
  year = {2011}
}

@inproceedings{lample-16,
  author = {Guillaume Lample and Miguel Ballesteros and Sandeep Subramanian and Kazuya Kawakami and Chris Dyer},
  title = {Neural Architectures for Named Entity Recognition},
  booktitle = naacl,
  url = {http://aclweb.org/anthology/N/N16/N16-1030.pdf},
  year = {2016}
}

@InProceedings{ballesteros-15,
  author    = {Ballesteros, Miguel  and  Dyer, Chris  and  Smith, Noah A.},
  title     = {Improved Transition-based Parsing by Modeling Characters instead
               of Words with {LSTM}s},
  booktitle = {Empirical Methods in Natural Language Processing},
  url       = {http://aclweb.org/anthology/D/D15/D15-1041.pdf},
  year      = {2015}
}

@inproceedings{andrade-15,
  author = {Andrade, Daniel and Sadamasa, Kunihiko and Tamura, Akihiro and Tsuchida, Masaaki},
  title = {Cross-lingual Text Classification Using Topic-Dependent Word Probabilities},
  booktitle = naacl,
  url = {http://aclweb.org/anthology/N/N15/N15-1170.pdf},
  year = {2015}
}

@inproceedings{wu-08,
  author    = {Ke Wu and Xiaolin Wang and Bao{-}Liang Lu},
  title     = {Cross Language Text Categorization Using a Bilingual Lexicon},
  booktitle = ijcnlp,
  year      = {2008}
}

@inproceedings{shi-10,
  author    = {Lei Shi and Rada Mihalcea and Mingjun Tian},
  title     = {Cross Language Text Classification by Model Translation and Semi-Supervised Learning},
  booktitle = emnlp,
  url       = {http://www.aclweb.org/anthology/D10-1103},
  year      = {2010}
}

@inproceedings{zhou-16,
  author    = {Xinjie Zhou and Xiaojun Wan and Jianguo Xiao},
  title     = {Cross-Lingual Sentiment Classification with Bilingual Document Representation Learning},
  booktitle = acl,
  url       = {http://aclweb.org/anthology/P/P16/P16-1133.pdf},
  year      = {2016}
}

@inproceedings{artetxe-17,
  author    = {Mikel Artetxe and
               Gorka Labaka and
               Eneko Agirre},
  title     = {Learning bilingual word embeddings with (almost) no bilingual data},
  booktitle = acl,
  doi = "10.18653/v1/P17-1042",
  year      = {2017}
}

@inproceedings{artetxe-18a,
  title={Unsupervised Neural Machine Translation},
  author={Artetxe, Mikel and Labaka, Gorka and Agirre, Eneko and Cho, Kyunghyun},
  booktitle=iclr,
  url={https://openreview.net/forum?id=Sy2ogebAW},
  year={2018}
}

@inproceedings{artetxe-18b,
  author    = {Mikel Artetxe and
               Gorka Labaka and
               Eneko Agirre},
  title     = {A robust self-learning method for fully unsupervised cross-lingual mappings of word embeddings},
  booktitle = acl,
  url = "https://www.aclweb.org/anthology/P18-1073",
  year      = {2018}
}

@inproceedings{lample-18,
  title={Unsupervised Machine Translation Using Monolingual Corpora Only},
  author={Lample, Guillaume and Denoyer, Ludovic and Ranzato, Marc'Aurelio},
  booktitle=iclr,
  url={https://openreview.net/forum?id=rkYTTf-AZ},
  year={2018}
}

@inproceedings{lample-18b,
  title={Phrase-Based \& Neural Unsupervised Machine Translation},
  author={Lample, Guillaume and Ott, Myle and Conneau, Alexis and Denoyer, Ludovic and Ranzato, Marc'Aurelio},
  booktitle=emnlp,
  url={https://aclanthology.info/papers/D18-1549/d18-1549},
  year={2018}
}

@inproceedings{conneau-18,
  title={Word translation without parallel data},
  author={Conneau, Alexis and Lample, Guillaume and Ranzato, Marc'Aurelio and Denoyer, Ludovic and J{\'e}gou, Herv{\'e}},
  booktitle=iclr,
  url={https://openreview.net/forum?id=H196sainb},
  year={2018}
}

@inproceedings{conneau-18b,
  title={{XNLI}: Evaluating cross-lingual sentence representations},
  author={Conneau, Alexis and Lample, Guillaume and Rinott, Ruty and Williams, Adina and Bowman, Samuel R and Schwenk, Holger and Stoyanov, Veselin},
  booktitle=emnlp,
  year={2018}
}

@inproceedings{zhang-17a,
  title={Adversarial training for unsupervised bilingual lexicon induction},
  author={Zhang, Meng and Liu, Yang and Luan, Huanbo and Sun, Maosong},
  booktitle=acl,
  doi={10.18653/v1/P17-1179},
  year={2017}
}

@inproceedings{zhang-17b,
  title={Earth Mover's Distance Minimization for Unsupervised Bilingual Lexicon Induction},
  author={Zhang, Meng and Liu, Yang and Luan, Huanbo and Sun, Maosong},
  booktitle=emnlp,
  url={https://aclanthology.info/papers/D17-1207/d17-1207},
  year={2017}
}

@inproceedings{sogaard-18,
  title={On the Limitations of Unsupervised Bilingual Dictionary Induction},
  author={S{\o}gaard, Anders and Ruder, Sebastian and Vuli{\'c}, Ivan},
  booktitle=acl,
  url = "https://www.aclweb.org/anthology/P18-1072",
  year={2018}
}

@inproceedings{lin-18,
  title={A Multi-lingual Multi-task Architecture for Low-resource Sequence Labeling},
  author={Lin, Ying and Yang, Shengqi and Stoyanov, Veselin and Ji, Heng},
  booktitle=acl,
  url={https://aclanthology.info/papers/P18-1074/p18-1074},
  year={2018}
}

@InProceedings{strassel-16,
  author = {Stephanie Strassel and Jennifer Tracey},
  title = {{LORELEI} Language Packs: Data, Tools, and Resources for Technology Development in Low Resource Languages},
  booktitle = lrec,
  url = {http://www.lrec-conf.org/proceedings/lrec2016/summaries/1138.html},
  year = {2016},
 }

@article{chen-18,
  title={Adversarial deep averaging networks for cross-lingual sentiment classification},
  author={Chen, Xilun and Sun, Yu and Athiwaratkun, Ben and Cardie, Claire and Weinberger, Kilian},
  journal=tacl,
  volume={6},
  pages={557--570},
  year={2018},
  url={https://transacl.org/ojs/index.php/tacl/article/view/1413},
  publisher={MIT Press}
}

@inproceedings{iyyer-15-fixed,
  Author = {Mohit Iyyer and Varun Manjunatha and Jordan Boyd-Graber and Hal {Daum\'{e} III}},
  Booktitle = acl,
  Year = {2015},
  url = {http://aclweb.org/anthology/P/P15/P15-1162.pdf},
  Title = {Deep Unordered Composition Rivals Syntactic Methods for Text Classification}
}

@inproceedings{kim-17,
  title={Cross-lingual transfer learning for {POS} tagging without cross-lingual resources},
  author={Kim, Joo-Kyung and Kim, Young-Bum and Sarikaya, Ruhi and Fosler-Lussier, Eric},
  booktitle=emnlp,
  url={https://aclanthology.info/papers/D17-1302/d17-1302},
  year={2017}
}

@inproceedings{yarowsky-01,
  title={Inducing multilingual text analysis tools via robust projection across aligned corpora},
  author={Yarowsky, David and Ngai, Grace and Wicentowski, Richard},
  booktitle=hlt,
  year={2001}
}

@inproceedings{banea-08-fixed,
  title={Multilingual subjectivity analysis using machine translation},
  author={Banea, Carmen and Mihalcea, Rada and Wiebe, Janyce and Hassan, Samer},
  booktitle=emnlp,
  url={http://www.aclweb.org/anthology/D08-1014},
  year={2008}
}

@inproceedings{mortensen-18,
  title={Epitran: Precision {G2P} for Many Languages.},
  author={Mortensen, David R. and Dalmia, Siddharth and Littell, Patrick},
  booktitle=lrec,
  url={http://www.lrec-conf.org/proceedings/lrec2018/summaries/890.html},
  year={2018}
}

@inproceedings{luong-13,
  title={Better word representations with recursive neural networks for morphology},
  author={Luong, Thang and Socher, Richard and Manning, Christopher},
  booktitle=conll,
  year={2013}
}

@inproceedings{wan-09-fixed,
    Author = {Wan, Xiaojun},
    Booktitle = acl,
    Title = {Co-training for cross-lingual sentiment classification},
    url = {http://www.aclweb.org/anthology/P09-1027},
    Year = {2009}
}

@article{klementiev-12,
  title={Inducing crosslingual distributed representations of words},
  author={Klementiev, Alexandre and Titov, Ivan and Bhattarai, Binod},
  journal=coling,
  url = "https://www.aclweb.org/anthology/C12-1089",
  year={2012}
}

@inproceedings{guo-15,
  title={Cross-lingual dependency parsing based on distributed representations},
  author={Guo, Jiang and Che, Wanxiang and Yarowsky, David and Wang, Haifeng and Liu, Ting},
  booktitle=acl,
  doi = "10.3115/v1/P15-1119",
  year={2015}
}

@inproceedings{zhang-16,
  title={Ten pairs to tag -- Multilingual {POS} tagging via coarse mapping between embeddings},
  author={Zhang, Yuan and Gaddy, David and Barzilay, Regina and Jaakkola, Tommi},
  booktitle=naacl,
  year={2016},
  doi = "10.18653/v1/N16-1156",
}

@inproceedings{artetxe-16,
  title={Learning principled bilingual mappings of word embeddings while preserving monolingual invariance},
  author={Artetxe, Mikel and Labaka, Gorka and Agirre, Eneko},
  booktitle=emnlp,
  doi = "10.18653/v1/D16-1250",
  year={2016}
}

@inproceedings{joulin-18,
  title={Loss in translation: Learning bilingual word mapping with a retrieval criterion},
  author={Joulin, Armand and Bojanowski, Piotr and Mikolov, Tomas and J{\'e}gou, Herv{\'e} and Grave, Edouard},
  booktitle=emnlp,
  url = "https://www.aclweb.org/anthology/D18-1330",
  year={2018}
}

@inproceedings{ruder-18,
  title={A Discriminative Latent-Variable Model for Bilingual Lexicon Induction},
  author={Ruder, Sebastian and Cotterell, Ryan and Kementchedjhieva, Yova and S{\o}gaard, Anders},
  booktitle=emnlp,
  url = "https://www.aclweb.org/anthology/D18-1042",
  year={2018}
}

@inproceedings{smith-17,
  title={Offline bilingual word vectors, orthogonal transformations and the inverted softmax},
  author={Smith, Samuel L. and Turban, David H. P. and Hamblin, Steven and Hammerla, Nils Y.},
  booktitle=iclr,
  url={https://openreview.net/forum?id=r1Aab85gg},
  year={2017}
}

@inproceedings{dinu-15,
  title={Improving zero-shot learning by mitigating the hubness problem},
  author={Dinu, Georgiana and Lazaridou, Angeliki and Baroni, Marco},
  booktitle={Proceedings of the International Conference on Learning Representations Workshop Track},
  year={2015}
}

@inproceedings{alvarez-18,
  title={Gromov-Wasserstein Alignment of Word Embedding Spaces},
  author={Alvarez-Melis, David and Jaakkola, Tommi S.},
  booktitle=emnlp,
  url = "https://www.aclweb.org/anthology/D18-1214",
  year={2018}
}

@inproceedings{hoshen-18,
  title={Non-adversarial unsupervised word translation},
  author={Hoshen, Yedid and Wolf, Lior},
  booktitle=emnlp,
  url = "https://www.aclweb.org/anthology/D18-1043",
  year={2018}
}

@article{bojanowski-17,
  title={Enriching word vectors with subword information},
  author={Bojanowski, Piotr and Grave, Edouard and Joulin, Armand and Mikolov, Tomas},
  journal=tacl,
  volume={5},
  pages={135--146},
  year={2017},
  doi = "10.1162/tacl_a_00051",
  publisher={MIT Press}
}

@article{schonemann-66,
  title={A generalized solution of the orthogonal procrustes problem},
  author={Sch{\"o}nemann, Peter H.},
  journal={Psychometrika},
  volume={31},
  number={1},
  pages={1--10},
  year={1966},
  publisher={Springer}
}

@inproceedings{pennington-14,
  author = {Jeffrey Pennington and Richard Socher and Christopher D. Manning},
  booktitle = emnlp,
  title = {{G}lo{V}e: Global Vectors for Word Representation},
  doi = "10.3115/v1/D14-1162",
  year = {2014},
}


@inproceedings{yuan-18,
  title={Multilingual Anchoring: Interactive Topic Modeling and Alignment Across Languages},
  author={Yuan, Michelle and Van Durme, Benjamin and Boyd-Graber, Jordan},
  booktitle=nips,
  url={http://papers.nips.cc/paper/8083-multilingual-anchoring-interactive-topic-modeling-and-alignment-across-languages},
  year={2018}
}

@inproceedings{alvarez-19,
  title={Towards Optimal Transport with Global Invariances},
  author={Alvarez-Melis, David and Jegelka, Stefanie and Jaakkola, Tommi S},
  booktitle=aistats,
  url = "http://proceedings.mlr.press/v89/alvarez-melis19a/alvarez-melis19a.pdf",
  year={2019}
}

@article{rubenstein-65,
  title={Contextual correlates of synonymy},
  author={Rubenstein, Herbert and Goodenough, John B},
  journal={Communications of the ACM},
  volume={8},
  number={10},
  pages={627--633},
  year={1965},
  doi       = {10.1145/365628.365657},
  publisher={Citeseer}
}

@article{finkelstein-02,
  title={Placing search in context: The concept revisited},
  author={Finkelstein, Lev and Gabrilovich, Evgeniy and Matias, Yossi and Rivlin, Ehud and Solan, Zach and Wolfman, Gadi and Ruppin, Eytan},
  journal={ACM Transactions on information systems},
  volume={20},
  number={1},
  pages={116--131},
  doi={10.1145/503104.503110},
  year={2002}
}

@inproceedings{yang-06,
  title={Verb similarity on the taxonomy of WordNet},
  author={Yang, Dongqiang and Powers, David M.},
  year={2006},
  booktitle={International {WordNet} Conference}
}

@inproceedings{xu-17,
  title={Cross-lingual distillation for text classification},
  author={Xu, Ruochen and Yang, Yiming},
  year={2017},
  doi={10.18653/v1/P17-1130},
  booktitle=acl
}

@inproceedings{nakashole-18,
  title={{NorMA}: Neighborhood Sensitive Maps for Multilingual Word Embeddings},
  author={Nakashole, Ndapa},
  booktitle=emnlp,
  year={2018}
}

@inproceedings{doval-18,
  title={Improving cross-lingual word embeddings by meeting in the middle},
  author={Doval, Yerai and Camacho-Collados, Jose and Espinosa-Anke, Luis and Schockaert, Steven},
  booktitle=emnlp,
  url = "https://www.aclweb.org/anthology/D18-1027",
  year={2018}
}

@article{jawanpuria-19,
  title={Learning multilingual word embeddings in latent metric space: a geometric approach},
  author={Jawanpuria, Pratik and Balgovind, Arjun and Kunchukuttan, Anoop and Mishra, Bamdev},
  journal=tacl,
  doi = "10.1162/tacl_a_00257",
  volume={7},
  pages={107--120},
  year={2019},
  publisher={MIT Press}
}

@inproceedings{peters-18,
  title={Deep contextualized word representations},
  author={Peters, Matthew E and Neumann, Mark and Iyyer, Mohit and Gardner, Matt and Clark, Christopher and Lee, Kenton and Zettlemoyer, Luke},
  booktitle=naacl,
  url={https://aclanthology.info/papers/N18-1202/n18-1202},
  year={2018}
}

@inproceedings{devlin-19,
  title={{BERT}: Pre-training of deep bidirectional transformers for language understanding},
  author={Devlin, Jacob and Chang, Ming-Wei and Lee, Kenton and Toutanova, Kristina},
  booktitle=naacl,
  year={2019}
}

@inproceedings{vulic-15,
  title={Monolingual and cross-lingual information retrieval models based on (bilingual) word embeddings},
  author={Vuli{\'c}, Ivan and Moens, Marie-Francine},
  booktitle=sigir,
  year={2015}
}

@inproceedings{li-16,
  title={Visualizing and understanding neural models in nlp},
  author={Li, Jiwei and Chen, Xinlei and Hovy, Eduard and Jurafsky, Dan},
  booktitle=naacl,
  year={2016}
}

@Article{mrksic-17,
  author    = {Nikola Mrk\v{s}i\'c and Ivan Vuli\'{c} and Diarmuid {\'O S\'eaghdha} and Ira Leviant and Roi Reichart and Milica Ga\v{s}i\'c and Anna Korhonen and Steve Young},
  title     = {Semantic Specialisation of Distributional Word Vector Spaces using Monolingual and Cross-Lingual Constraints},
  journal   = tacl,
  volume    = {5},
  year      = {2017},
  pages     = {309--324},  
}

@inproceedings{glavas-19,
  title={How to (Properly) Evaluate Cross-Lingual Word Embeddings: On Strong Baselines, Comparative Analyses, and Some Misconceptions},
  author={Glavas, Goran and Litschko, Robert and Ruder, Sebastian and Vulic, Ivan},
  booktitle=acl,
  year={2019}
}

@article{browder-67,
  title={Convergence of approximants to fixed points of nonexpansive nonlinear mappings in {B}anach spaces},
  author={Browder, Felix E.},
  journal={Archive for Rational Mechanics and Analysis},
  volume={24},
  number={1},
  pages={82--90},
  year={1967},
  publisher={Springer}
}

@inproceedings{fujinuma-19,
  title={A Resource-Free Evaluation Metric for Cross-Lingual Word Embeddings based on Graph Modularity},
  author={Fujinuma, Yoshinari and Boyd-Graber, Jordan and Paul, Michael J.},
  booktitle=acl,
  year={2019}
}

@inproceedings{mikolov-13-fixed,
  author    = {Tomas Mikolov and
               Ilya Sutskever and
               Kai Chen and
               Gregory S. Corrado and
               Jeffrey Dean},
  title     = {Distributed Representations of Words and Phrases and their Compositionality},
  booktitle = nips,
  year      = {2013},
  url       = {http://papers.nips.cc/paper/5021-distributed-representations-of-words-and-phrases-and-their-compositionality}
}


@inproceedings{mimno-09-fixed,
  author    = {David Mimno and Hanna Wallach and Jason Naradowsky and
          David Smith and Andrew McCallum},
  booktitle    = emnlp,
  url       = {http://www.aclweb.org/anthology/D09-1092},
  title        = {Polylingual Topic Models},
  year        = {2009}
}
