@article{zhong2017seq2sql,
  title={{Seq2SQL}: Generating structured queries from natural language using reinforcement learning},
  author={Zhong, Victor and Xiong, Caiming and Socher, Richard},
  journal={arXiv preprint arXiv:1709.00103},
  url = "https://arxiv.org/abs/1709.00103",
  year={2017}
}

@inproceedings{Zettlemoyer:2005:LMS:3020336.3020416,
 author = {Zettlemoyer, Luke  and Collins, Michael},
 title = {Learning to Map Sentences to Logical Form: Structured Classification with Probabilistic Categorial Grammars},
 booktitle = uai,
 pages = "658--666",
 url = "https://dl.acm.org/doi/10.5555/3020336.3020416",
 year = {2005},
}

@inproceedings{zettlemoyer2007online,
  title={Online learning of relaxed {CCG} grammars for parsing to logical form},
  author={Zettlemoyer, Luke and Collins, Michael},
  booktitle=emnlp,
  url = "https://www.aclweb.org/anthology/D07-1071",
  pages = "678--687",

  year={2007}
}

@inproceedings{kwiatkowski2010inducing,
  title={Inducing probabilistic {CCG} grammars from logical form with higher-order unification},
  author={Kwiatkowski, Tom and Zettlemoyer, Luke and Goldwater, Sharon and Steedman, Mark},
  booktitle=emnlp,
  year={2010},
  url = "https://www.aclweb.org/anthology/D10-1119",
  pages = "1223--1233",


}
@inproceedings{krishnamurthy2012weakly,
  title={Weakly supervised training of semantic parsers},
  author={Krishnamurthy, Jayant and Mitchell, Tom M.},
  booktitle=emnlp,
  url = "https://www.aclweb.org/anthology/D12-1069",
  pages = "754--765",

  year={2012},
}

@article{artzi2013weakly,
  title={Weakly Supervised Learning of Semantic Parsers for Mapping Instructions to Actions},
  author={Artzi, Yoav and Zettlemoyer, Luke},
  journal=tacl,
  url = "https://www.aclweb.org/anthology/Q13-1005",
  doi = "10.1162/tacl_a_00209",
  pages={49--62},
  year={2013},
}

@inproceedings{jia2016recombination,
  author = {Robin Jia and Percy Liang},
  booktitle = acl,
  title = {Data Recombination for Neural Semantic Parsing},
  url = "https://www.aclweb.org/anthology/P16-1002",
  doi = "10.18653/v1/P16-1002",
  pages = "12--22",

  year = {2016},
}

@inproceedings{krishnamurthy2017neural,
  title={Neural semantic parsing with type constraints for semi-structured tables},
  author={Krishnamurthy, Jayant and Dasigi, Pradeep and Gardner, Matt},
  booktitle=emnlp,
  pages={1516--1526},
  url = "https://www.aclweb.org/anthology/D17-1160",
  doi = "10.18653/v1/D17-1160",

  year={2017}
}

@inproceedings{dong2016language,
  title={Language to Logical Form with Neural Attention},
  author={Dong, Li and Lapata, Mirella},
  booktitle=acl,
  url = "https://www.aclweb.org/anthology/P16-1004",
  doi = "10.18653/v1/P16-1004",
  pages = "33--43",

  year={2016}
}

@inproceedings{dong-lapata-2018-coarse,
    title = "Coarse-to-Fine Decoding for Neural Semantic Parsing",
    author = "Dong, Li  and
      Lapata, Mirella",
    booktitle = acl,
    year = "2018",
    url = "https://www.aclweb.org/anthology/P18-1068",
    doi = "10.18653/v1/P18-1068",
    pages = "731--742",
}

@inproceedings{zelle1996learning,
  title={Learning to parse database queries using inductive logic programming},
  author={Zelle, John M. and Mooney, Raymond J.},
  booktitle=aaai,
  year={1996},
  pages = "1050--1055",
  url = "https://dl.acm.org/doi/10.5555/1864519.1864543",
}

@inproceedings{dahl1994expanding,
  title = {Expanding the Scope of the {{ATIS}} Task: The {{ATIS}}-3 Corpus},
  booktitle = {Proceedings of the {{Workshop}} on {{Human Language Technology}}},
  author = {Dahl, Deborah A. and Bates, Madeleine and Brown, Michael and Fisher, William and {Hunicke-Smith}, Kate and Pallett, David and Pao, Christine and Rudnicky, Alexander and Shriberg, Elizabeth},
  year = {1994},
  pages = {43--48},
  url = {https://www.aclweb.org/anthology/H94-1010},
}

@inproceedings{berant2013semantic,
  title={Semantic parsing on freebase from question-answer pairs},
  author={Berant, Jonathan and Chou, Andrew and Frostig, Roy and Liang, Percy},
  booktitle=emnlp,
  year={2013}
}

@inproceedings{yavuz-etal-2018-takes,
    title = "What It Takes to Achieve 100{\%} Condition Accuracy on {W}iki{SQL}",
    author = "Yavuz, Semih  and
      Gur, Izzeddin  and
      Su, Yu  and
      Yan, Xifeng",
    booktitle = emnlp,
    year = "2018",
}

@inproceedings{yu2018spider,
  title={Spider: A Large-Scale Human-Labeled Dataset for Complex and Cross-Domain Semantic Parsing and Text-to-{SQL} Task},
  author = "Yu, Tao  and
      Zhang, Rui  and
      Yang, Kai  and
      Yasunaga, Michihiro  and
      Wang, Dongxu  and
      Li, Zifan  and
      Ma, James  and
      Li, Irene  and
      Yao, Qingning  and
      Roman, Shanelle  and
      Zhang, Zilin  and
      Radev, Dragomir",
  booktitle=emnlp,
  url = "https://www.aclweb.org/anthology/D18-1425",
  doi = "10.18653/v1/D18-1425",
  pages = "3911--3921",
  year={2018}
}

@inproceedings{pasupat2015compositional,
  title={Compositional Semantic Parsing on Semi-Structured Tables},
  author={Pasupat, Panupong and Liang, Percy},
  booktitle=acl,
  pages={1470--1480},
  url = "https://www.aclweb.org/anthology/P15-1142",
  doi = "10.3115/v1/P15-1142",
  year={2015}
}

@inproceedings{finegan+2018,
    title = "Improving Text-to-{SQL} Evaluation Methodology",
    author = "Finegan-Dollak, Catherine  and
      Kummerfeld, Jonathan K.  and
      Zhang, Li  and
      Ramanathan, Karthik  and
      Sadasivam, Sesh  and
      Zhang, Rui  and
      Radev, Dragomir",
    booktitle = acl,
    year = "2018",
    url = "https://www.aclweb.org/anthology/P18-1033",
    doi = "10.18653/v1/P18-1033",
    pages = "351--360",

}

@article{liang2013,
  author    = {Percy Liang},
  title     = {Lambda Dependency-Based Compositional Semantics},
  journal   = {CoRR},
  year      = {2013},
}

@inproceedings{bos-etal-2004-wide,
    title = "Wide-Coverage Semantic Representations from a {CCG} Parser",
    author = "Bos, Johan  and
      Clark, Stephen  and
      Steedman, Mark  and
      Curran, James R.  and
      Hockenmaier, Julia",
    booktitle = coling,
    year = "2004",
}

@inproceedings{bollacker2008,
  title={Freebase: a collaboratively created graph database for structuring human knowledge},
  author={Bollacker, Kurt and Evans, Colin and Paritosh, Praveen and Sturge, Tim and Taylor, Jamie},
  booktitle={Proceedings of the 2008 ACM SIGMOD international conference on Management of data},
  pages={1247--1250},
  year={2008},
  organization={AcM}
}


@inproceedings{pasupat-liang2016,
    title = "Inferring Logical Forms From Denotations",
    author = "Pasupat, Panupong  and
      Liang, Percy",
    booktitle = acl,
    year = "2016",
    url = "https://www.aclweb.org/anthology/P16-1003",
    doi = "10.18653/v1/P16-1003",
    pages = "23--32",
}

@inproceedings{liu+16,
    title = "Neural Machine Translation with Supervised Attention",
    author = "Liu, Lemao  and
      Utiyama, Masao  and
      Finch, Andrew  and
      Sumita, Eiichiro",
    booktitle = coling,
    url = "https://www.aclweb.org/anthology/C16-1291",
    year = "2016",
    pages = "3093--3102",
}

@inproceedings{liu2017attention,
  title={Attention correctness in neural image captioning},
  author={Liu, Chenxi and Mao, Junhua and Sha, Fei and Yuille, Alan},
  booktitle=aaai,
  year={2017},
  pages={4176--4182},
  url = "https://aaai.org/ocs/index.php/AAAI/AAAI17/paper/view/14246",
}

@inproceedings{gan2017vqs,
  title={{VQS}: Linking segmentations to questions and answers for supervised attention in {VQA} and question-focused semantic segmentation},
  author={Gan, Chuang and Li, Yandong and Li, Haoxiang and Sun, Chen and Gong, Boqing},
  booktitle={Proceedings of the IEEE International Conference on Computer Vision},
  pages={1811--1820},
  url = "https://openaccess.thecvf.com/content_iccv_2017/html/Gan_VQS_Linking_Segmentations_ICCV_2017_paper.html",
  year={2017}
}

@inproceedings{mi+16,
    title = "Supervised Attentions for Neural Machine Translation",
    author = "Mi, Haitao  and
      Wang, Zhiguo  and
      Ittycheriah, Abe",
    booktitle = emnlp,
    year = "2016",
    doi = "10.18653/v1/D16-1249",
    pages = "2283--2288",
}

@inproceedings{jain-wallace19,
    title = "{A}ttention is not Explanation",
    author = "Jain, Sarthak  and
      Wallace, Byron C.",
    booktitle = emnlp,
    year = "2019",
    doi = "10.18653/v1/N19-1357",
    pages = "3543--3556",
}

@inproceedings{barrett+18,
    title = "Sequence Classification with Human Attention",
    author = "Barrett, Maria  and
      Bingel, Joachim  and
      Hollenstein, Nora  and
      Rei, Marek  and
      S{\o}gaard, Anders",
    booktitle = "Proceedings of the 22nd Conference on Computational Natural Language Learning",
    year = "2018",
    pages = "302--312",
}

@inproceedings{das+16,
    title = "Human Attention in Visual Question Answering: Do Humans and Deep Networks look at the same regions?",
    author = "Das, Abhishek  and
      Agrawal, Harsh  and
      Zitnick, Larry  and
      Parikh, Devi  and
      Batra, Dhruv",
    booktitle = "Proceedings of the 2016 Conference on Empirical Methods in Natural Language Processing",
    year = "2016",
    doi = "10.18653/v1/D16-1092",
    pages = "932--937",
}

@inproceedings{rabinovich17,
    title = "Abstract Syntax Networks for Code Generation and Semantic Parsing",
    author = "Rabinovich, Maxim  and
      Stern, Mitchell  and
      Klein, Dan",
    booktitle = acl,
    year = "2017",
    doi = "10.18653/v1/P17-1105",
    pages = "1139--1149",
}

@inproceedings{kingma2014adam,
  title = {Adam: {{A}} Method for Stochastic Optimization},
  author={Kingma, Diederik P. and Ba, Jimmy},
  booktitle = iclr,
  year = {2015},
  url = {https://arxiv.org/abs/1412.6980}
}


@inproceedings{neelakantan2016learning,
  title={Learning a natural language interface with {N}eural {P}rogrammer},
  author={Neelakantan, Arvind and Le, Quoc V. and Abadi, Martin and McCallum, Andrew and Amodei, Dario},
  booktitle=iclr,
  url = {https://openreview.net/forum?id=ry2YOrcge&noteId=ry2YOrcge},
  year={2016}
}

@inproceedings{haug2018neural,
  title={Neural multi-step reasoning for question answering on semi-structured tables},
  author={Haug, Till and Ganea, Octavian-Eugen and Grnarova, Paulina},
  booktitle={European Conference on Information Retrieval},
  pages={611--617},
  url = {https://arxiv.org/abs/1702.06589},
  year={2018},
}

@inproceedings{wang-etal-2019-learning,
    title = "Learning Semantic Parsers from Denotations with Latent Structured Alignments and Abstract Programs",
    author = "Wang, Bailin  and
      Titov, Ivan  and
      Lapata, Mirella",
    booktitle = emnlp,
    year = "2019",
    doi = "10.18653/v1/D19-1391",
    pages = "3765--3776",
}

@inproceedings{dong2019-data,
    title = "Data-Anonymous Encoding for Text-to-{SQL} Generation",
    author = "Dong, Zhen  and
      Sun, Shizhao  and
      Liu, Hongzhi  and
      Lou, Jian-Guang  and
      Zhang, Dongmei",
    booktitle = emnlp,
    year = "2019",
    doi = "10.18653/v1/D19-1543",
    pages = "5408--5417",
}

@inproceedings{popescu2003,
 author = {Popescu, Ana-Maria and Etzioni, Oren and Kautz, Henry},
 title = {Towards a Theory of Natural Language Interfaces to Databases},
 booktitle = iui,
 year = {2003},
 pages = {149--157},
 doi = {10.1145/604045.604070},
}

@inproceedings{price1990,
 author = {Price, P. J.},
 title = {Evaluation of Spoken Language Systems: The {ATIS} Domain},
 booktitle = {Proceedings of the Workshop on Speech and Natural Language},
 year = {1990},
 pages = {91--95},
 url = {https://doi.org/10.3115/116580.116612},
 doi = {10.3115/116580.116612},
}

@inproceedings{yu2019sparc,
    title = "{SP}ar{C}: Cross-Domain Semantic Parsing in Context",
    author = "Yu, Tao  and
      Zhang, Rui  and
      Yasunaga, Michihiro  and
      Tan, Yi Chern  and
      Lin, Xi Victoria  and
      Li, Suyi  and
      Er, Heyang  and
      Li, Irene  and
      Pang, Bo  and
      Chen, Tao  and
      Ji, Emily  and
      Dixit, Shreya  and
      Proctor, David  and
      Shim, Sungrok  and
      Kraft, Jonathan  and
      Zhang, Vincent  and
      Xiong, Caiming  and
      Socher, Richard  and
      Radev, Dragomir",
    booktitle = acl,
    year = "2019",
    doi = "10.18653/v1/P19-1443",
    url = "https://www.aclweb.org/anthology/P19-1443",

    pages = "4511--4523",
}

@inproceedings{yu2019cosql,
    title = "{C}o{SQL}: A Conversational Text-to-{SQL} Challenge Towards Cross-Domain Natural Language Interfaces to Databases",
    author = "Yu, Tao  and
      Zhang, Rui  and
      Er, Heyang  and
      Li, Suyi  and
      Xue, Eric  and
      Pang, Bo  and
      Lin, Xi Victoria  and
      Tan, Yi Chern  and
      Shi, Tianze  and
      Li, Zihan  and
      Jiang, Youxuan  and
      Yasunaga, Michihiro  and
      Shim, Sungrok  and
      Chen, Tao  and
      Fabbri, Alexander  and
      Li, Zifan  and
      Chen, Luyao  and
      Zhang, Yuwen  and
      Dixit, Shreya  and
      Zhang, Vincent  and
      Xiong, Caiming  and
      Socher, Richard  and
      Lasecki, Walter  and
      Radev, Dragomir",
    booktitle = emnlp,
    year = "2019",
    doi = "10.18653/v1/D19-1204",
    pages = "1962--1979",
}

@inproceedings{liu2019,
    title = "Leveraging Adjective-Noun Phrasing Knowledge for Comparison Relation Prediction in Text-to-{SQL}",
    author = "Liu, Haoyan  and
      Fang, Lei  and
      Liu, Qian  and
      Chen, Bei  and
      Lou, Jian-Guang  and
      Li, Zhoujun",
    booktitle = emnlp,
    year = "2019",
    url = "https://www.aclweb.org/anthology/D19-1356",
    doi = "10.18653/v1/D19-1356",
    pages = "3506--3511",
}

@inproceedings{bogin2019,
    title = "Global Reasoning over Database Structures for Text-to-{SQL} Parsing",
    author = "Bogin, Ben  and
      Gardner, Matt  and
      Berant, Jonathan",
    booktitle = "Proceedings of the 2019 Conference on Empirical Methods in Natural Language Processing and the 9th International Joint Conference on Natural Language Processing",
    year = "2019",
    doi = "10.18653/v1/D19-1378",
    pages = "3650--3655",
}

@inproceedings{zhang2019,
    title = "Editing-Based {SQL} Query Generation for Cross-Domain Context-Dependent Questions",
    author = "Zhang, Rui  and
      Yu, Tao  and
      Er, Heyang  and
      Shim, Sungrok  and
      Xue, Eric  and
      Lin, Xi Victoria  and
      Shi, Tianze  and
      Xiong, Caiming  and
      Socher, Richard  and
      Radev, Dragomir",
    booktitle = "Proceedings of the 2019 Conference on Empirical Methods in Natural Language Processing and the 9th International Joint Conference on Natural Language Processing",
    year = "2019",
    doi = "10.18653/v1/D19-1537",
    pages = "5341--5352",
}

@inproceedings{lee2019,
    title = "Clause-Wise and Recursive Decoding for Complex and Cross-Domain Text-to-{SQL} Generation",
    author = "Lee, Dongjun",
    booktitle = "Proceedings of the 2019 Conference on Empirical Methods in Natural Language Processing and the 9th International Joint Conference on Natural Language Processing",
    year = "2019",
    doi = "10.18653/v1/D19-1624",
    pages = "6047--6053",
}

@inproceedings{huo2019,
    title = "Graph Enhanced Cross-Domain Text-to-{SQL} Generation",
    author = "Huo, Siyu  and
      Ma, Tengfei  and
      Chen, Jie  and
      Chang, Maria  and
      Wu, Lingfei  and
      Witbrock, Michael",
    booktitle = "Proceedings of the Thirteenth Workshop on Graph-Based Methods for Natural Language Processing (TextGraphs-13)",
    year = "2019",
    url = "https://www.aclweb.org/anthology/D19-5319",
    doi = "10.18653/v1/D19-5319",
    pages = "159--163",
}

@inproceedings{bogin2019a,
    title = "Representing Schema Structure with Graph Neural Networks for Text-to-{SQL} Parsing",
    author = "Bogin, Ben  and
      Berant, Jonathan  and
      Gardner, Matt",
    booktitle = "Proceedings of the 57th Annual Meeting of the Association for Computational Linguistics",
    year = "2019",
    doi = "10.18653/v1/P19-1448",
    pages = "4560--4565",
}

@inproceedings{guo2019,
    title = "Towards Complex Text-to-{SQL} in Cross-Domain Database with Intermediate Representation",
    author = "Guo, Jiaqi  and
      Zhan, Zecheng  and
      Gao, Yan  and
      Xiao, Yan  and
      Lou, Jian-Guang  and
      Liu, Ting  and
      Zhang, Dongmei",
    booktitle = "Proceedings of the 57th Annual Meeting of the Association for Computational Linguistics",
    year = "2019",
    doi = "10.18653/v1/P19-1444",
    pages = "4524--4535",
}

@inproceedings{wiegreffe-pinter19,
    title = "Attention is not not Explanation",
    author = "Wiegreffe, Sarah  and
      Pinter, Yuval",
    booktitle = emnlp,
    year = "2019",
    doi = "10.18653/v1/D19-1002",
    pages = "11--20",
}

@inproceedings{bahdanau+14,
  author    = {Dzmitry Bahdanau and
               Kyunghyun Cho and
               Yoshua Bengio},
  title     = {Neural Machine Translation by Jointly Learning to Align and Translate},
  booktitle = iclr,
  month = may,
  year      = {2015},
  url       = {http://arxiv.org/abs/1409.0473},
}

@inproceedings{xu+15,
 author = {Xu, Kelvin and Ba, Jimmy Lei and Kiros, Ryan and Cho, Kyunghyun and Courville, Aaron and Salakhutdinov, Ruslan and Zemel, Richard S. and Bengio, Yoshua},
 title = {Show, Attend and Tell: Neural Image Caption Generation with Visual Attention},
 booktitle = {Proceedings of the 32nd International Conference on International Conference on Machine Learning},
 year = {2015},
 url = {http://dl.acm.org/citation.cfm?id=3045118.3045336},
}

@inproceedings{chen+17,
    title = "Enhanced {LSTM} for Natural Language Inference",
    author = "Chen, Qian  and
      Zhu, Xiaodan  and
      Ling, Zhen-Hua  and
      Wei, Si  and
      Jiang, Hui  and
      Inkpen, Diana",
    booktitle = "Proceedings of the 55th Annual Meeting of the Association for Computational Linguistics",
    year = "2017",
    doi = "10.18653/v1/P17-1152",
    pages = "1657--1668",
}

@inproceedings{hermann+15,
 author = {Hermann, Karl Moritz and Ko\v{c}isk\'{y}, Tom\'{a}\v{s} and Grefenstette, Edward and Espeholt, Lasse and Kay, Will and Suleyman, Mustafa and Blunsom, Phil},
 title = {Teaching Machines to Read and Comprehend},
 booktitle = {Proceedings of the 28th International Conference on Neural Information Processing Systems},
 year = {2015},
 pages = {1693--1701},
}

@inproceedings{ghaeini+18,
    title = "Interpreting Recurrent and Attention-Based Neural Models: a Case Study on Natural Language Inference",
    author = "Ghaeini, Reza  and
      Fern, Xiaoli  and
      Tadepalli, Prasad",
    booktitle = "Proceedings of the 2018 Conference on Empirical Methods in Natural Language Processing",
    year = "2018",
    doi = "10.18653/v1/D18-1537",
    pages = "4952--4957",
}

@inproceedings{serrano-smith19,
    title = "Is Attention Interpretable?",
    author = "Serrano, Sofia  and
      Smith, Noah A.",
    booktitle = "Proceedings of the 57th Annual Meeting of the Association for Computational Linguistics",
    year = "2019",
    doi = "10.18653/v1/P19-1282",
    pages = "2931--2951",
}

@inproceedings{zhang+17,
    title = "Macro Grammars and Holistic Triggering for Efficient Semantic Parsing",
    author = "Zhang, Yuchen  and
      Pasupat, Panupong  and
      Liang, Percy",
    booktitle = emnlp,
    year = "2017",
    doi = "10.18653/v1/D17-1125",
    pages = "1214--1223",
}

@inproceedings{liang+18,
 author = {Liang, Chen and Norouzi, Mohammad and Berant, Jonathan and Le, Quoc and Lao, Ni},
 title = {Memory Augmented Policy Optimization for Program Synthesis and Semantic Parsing},
 booktitle = nips,
 year = {2018},
 pages = {10015--10027},
 url = "https://papers.nips.cc/paper/8204-memory-augmented-policy-optimization-for-program-synthesis-and-semantic-parsing",
}

@inproceedings{dasigi+19,
    title = "Iterative Search for Weakly Supervised Semantic Parsing",
    author = "Dasigi, Pradeep  and
      Gardner, Matt  and
      Murty, Shikhar  and
      Zettlemoyer, Luke  and
      Hovy, Eduard",
    booktitle = naacl,
    year = "2019",
    doi = "10.18653/v1/N19-1273",
    pages = "2669--2680",
}


@InProceedings{agarwal+19,
  title = 	 {Learning to Generalize from Sparse and Underspecified Rewards},
  author = 	 {Agarwal, Rishabh and Liang, Chen and Schuurmans, Dale and Norouzi, Mohammad},
  booktitle = 	 icml,
  pages = 	 {130--140},
  url = "http://proceedings.mlr.press/v97/agarwal19e",
  year = 	 {2019},
}

@inproceedings{devlin+19,
    title = "{BERT}: Pre-training of Deep Bidirectional Transformers for Language Understanding",
    author = "Devlin, Jacob  and
      Chang, Ming-Wei  and
      Lee, Kenton  and
      Toutanova, Kristina",
    booktitle = naacl,
    year = "2019",
    url = "https://www.aclweb.org/anthology/N19-1423",
    doi = "10.18653/v1/N19-1423",
}

@inproceedings{zhang+19,
    title = "{AMR} Parsing as Sequence-to-Graph Transduction",
    author = "Zhang, Sheng  and
      Ma, Xutai  and
      Duh, Kevin  and
      Van Durme, Benjamin",
    booktitle = acl,
    month = jul,
    year = "2019",
    doi = "10.18653/v1/P19-1009",
    pages = "80--94"
}

@inproceedings{pennington+14,
    title = "{GloVe}: Global Vectors for Word Representation",
    author = "Pennington, Jeffrey  and
      Socher, Richard  and
      Manning, Christopher",
    booktitle = emnlp,
    year = "2014",
    doi = "10.3115/v1/D14-1162",
    pages = "1532--1543",
}

@inproceedings{alane2020explor,
    title = "Exploring Unexplored Generalization Challenges for Cross-Database Semantic Parsing",
    author = "Suhr, Alane  and
      Chang, Ming-Wei  and
      Shaw, Peter and Lee, Kenton",
    booktitle = acl,
    url = "https://www.aclweb.org/anthology/2020.acl-main.742",
    doi = "10.18653/v1/2020.acl-main.742",
    pages = "8372--8388",

    year = 2020
}


@inproceedings{herzig+20,
    title = "{T}a{P}as: Weakly Supervised Table Parsing via Pre-training",
    author = {Herzig, Jonathan  and
      Nowak, Pawe\l{} Krzysztof  and
      M{\"u}ller, Thomas  and
      Piccinno, Francesco  and
      Eisenschlos, Julian Martin},
    booktitle = acl,
    year = "2020",
    url = "https://www.aclweb.org/anthology/2020.acl-main.398",
    doi = "10.18653/v1/2020.acl-main.398",
    pages = "4320--4333"
}

@inproceedings{zhang-gildea04,
    title = "Syntax-Based Alignment: Supervised or Unsupervised?",
    author = "Zhang, Hao  and
      Gildea, Daniel",
    booktitle = coling,
    month = "aug 23{--}aug 27",
    year = "2004",
    url = "https://www.aclweb.org/anthology/C04-1060",
    pages = "418--424",
}


@article{hochreiter-schmidhuber97,
  title = {Long Short-Term Memory},
  author = {Hochreiter, Sepp and Schmidhuber, J{\"u}rgen},
  year = {1997},
  volume = {9},
  number = {8},
  pages = {1735--1780},
  doi = {10.1162/neco.1997.9.8.1735},
  journal = {Neural Computation},
}


@inproceedings{wang+15i,
  title = {Building a Semantic Parser Overnight},
  booktitle = acl,
  author = {Wang, Yushi and Berant, Jonathan and Liang, Percy},
  year = {2015},
  pages = {1332--1342},
  doi = {10.3115/v1/P15-1129},
}


@inproceedings{xiao+16,
  title = {Sequence-Based Structured Prediction for Semantic Parsing},
  booktitle = acl,
  author = {Xiao, Chunyang and Dymetman, Marc and Gardent, Claire},
  year = {2016},
  pages = {1341--1350},
  doi = {10.18653/v1/P16-1127},
}


@inproceedings{yin-neubig17,
  title = {A Syntactic Neural Model for General-Purpose Code Generation},
  booktitle = acl,
  author = {Yin, Pengcheng and Neubig, Graham},
  year = {2017},
  pages = {440--450},
  doi = {10.18653/v1/P17-1041},
}


@inproceedings{iyer+17,
  title = {Learning a Neural Semantic Parser from User Feedback},
  booktitle = acl,
  author = {Iyer, Srinivasan and Konstas, Ioannis and Cheung, Alvin and Krishnamurthy, Jayant and Zettlemoyer, Luke},
  year = {2017},
  pages = {963--973},
  doi = {10.18653/v1/P17-1089},
}


@inproceedings{tang-mooney00,
  title = {Automated Construction of Database Interfaces: Intergrating Statistical and Relational Learning for Semantic Parsing},
  shorttitle = {Automated Construction of Database Interfaces},
  booktitle = emnlp,
  author = {Tang, Lappoon R. and Mooney, Raymond J.},
  year = {2000},
  pages = {133--141},
  doi = {10.3115/1117794.1117811},
}


@inproceedings{dua+20,
  title = {Benefits of Intermediate Annotations in Reading Comprehension},
  booktitle = acl,
  author = {Dua, Dheeru and Singh, Sameer and Gardner, Matt},
  year = {2020},
  url = "https://www.aclweb.org/anthology/2020.acl-main.497",
  pages = {5627--5634},
  doi = {10.18653/v1/2020.acl-main.497},
}


@inproceedings{zaidan+07,
  title = {Using ``Annotator Rationales'' to Improve Machine Learning for Text Categorization},
  booktitle = naacl,
  author = {Zaidan, Omar and Eisner, Jason and Piatko, Christine},
  year = {2007},
  month = apr,
  pages = {260--267},
  url = {https://www.aclweb.org/anthology/N07-1033},
}


@inproceedings{yang+18b,
  title = {{{HotpotQA}}: A Dataset for Diverse, Explainable Multi-Hop Question Answering},
  shorttitle = {{{HotpotQA}}},
  booktitle = emnlp,
  author = {Yang, Zhilin and Qi, Peng and Zhang, Saizheng and Bengio, Yoshua and Cohen, William and Salakhutdinov, Ruslan and Manning, Christopher D.},
  year = {2018},
  month = oct,
  doi = {10.18653/v1/D18-1259},
  url = {https://www.aclweb.org/anthology/D18-1259},
}


@article{reddy+19,
  title = {{{CoQA}}: A Conversational Question Answering Challenge},
  shorttitle = {{{CoQA}}},
  author = {Reddy, Siva and Chen, Danqi and Manning, Christopher D.},
  year = {2019},
  month = mar,
  volume = {7},
  pages = {249--266},
  doi = {10.1162/tacl_a_00266},
  url = {https://www.aclweb.org/anthology/Q19-1016},
  journal = tacl,
}

@inproceedings{chen2017reading,
  title={Reading Wikipedia to Answer Open-Domain Questions},
  author={Chen, Danqi and Fisch, Adam and Weston, Jason and Bordes, Antoine},
  booktitle=acl,
  pages={1870--1879},
  year={2017}
}

@inproceedings{asai2020learning,
title={Learning to Retrieve Reasoning Paths over Wikipedia Graph for  Question Answering},
author={Akari Asai and Kazuma Hashimoto and Hannaneh Hajishirzi and Richard Socher and Caiming Xiong},
booktitle=iclr,
url = {https://openreview.net/forum?id=SJgVHkrYDH},
year={2020}
}

@article{nogueira2019passage,
  title={Passage Re-ranking with {BERT}},
  author={Nogueira, Rodrigo and Cho, Kyunghyun},
  journal={arXiv preprint arXiv:1901.04085},
  url="https://arxiv.org/abs/1901.04085",
  year={2019}
}


@inproceedings{zhaotransxh2020,
	Title = {Transformer-XH: Multi-evidence Reasoning with Extra Hop Attention},
	Author = {Chen Zhao and Chenyan Xiong and Corby Rosset and  Xia Song and Paul Bennett and Saurabh Tiwary},
	Booktitle = iclr,
  url="https://openreview.net/forum?id=r1eIiCNYwS",
	Year = {2020}
}

@inproceedings{nie2019revealing,
  title={Revealing the Importance of Semantic Retrieval for Machine Reading at Scale},
  author={Nie, Yixin and Wang, Songhe and Bansal, Mohit},
  booktitle=emnlp,
  url="https://www.aclweb.org/anthology/D19-1258/",
  year={2019}
}

@inproceedings{xiong2020answering,
      title={Answering Complex Open-Domain Questions with Multi-Hop Dense Retrieval}, 
      author={Wenhan Xiong and Xiang Lorraine Li and Srini Iyer and Jingfei Du and Patrick Lewis and William Yang Wang and Yashar Mehdad and Wen-tau Yih and Sebastian Riedel and Douwe Kiela and Barlas Oğuz},
      year={2021},
      url="https://openreview.net/forum?id=EMHoBG0avc1",
      booktitle=iclr,
}

@inproceedings{xiong2020approximate,
      title={Approximate Nearest Neighbor Negative Contrastive Learning for Dense Text Retrieval}, 
      author={Lee Xiong and Chenyan Xiong and Ye Li and Kwok-Fung Tang and Jialin Liu and Paul Bennett and Junaid Ahmed and Arnold Overwijk},
      year={2021},
      url="https://openreview.net/forum?id=zeFrfgyZln",
      booktitle=iclr,
}



@article{fang2020hierarchical,
      title={Hierarchical Graph Network for Multi-hop Question Answering}, 
      author={Yuwei Fang and Siqi Sun and Zhe Gan and Rohit Pillai and Shuohang Wang and Jingjing Liu},
      journal={ArXiv},
      year={2020},
      volume={abs/1911.03631}
}

@article{zhang2020ddrqa,
      title={DDRQA: Dynamic Document Reranking for Open-domain Multi-hop Question Answering}, 
      author={Yuyu Zhang and Ping Nie and Arun Ramamurthy and Le Song},
      year={2020},
      journal={arXiv preprint arXiv:2009.07465}
}

@article{maaten2008visualizing,
  title={Visualizing data using t-{SNE}},
  author={Maaten, Laurens van der and Hinton, Geoffrey},
  journal={Journal of machine learning research},
  volume={9},
  number={11},
  url="https://www.jmlr.org/papers/v9/vandermaaten08a.html",
  year={2008}
}

@inproceedings{jiang-etal-2020-hover,
    title = "{H}o{V}er: A Dataset for Many-Hop Fact Extraction And Claim Verification",
    author = "Jiang, Yichen  and
      Bordia, Shikha  and
      Zhong, Zheng  and
      Dognin, Charles  and
      Singh, Maneesh  and
      Bansal, Mohit",
    booktitle = "Findings of the Association for Computational Linguistics: EMNLP 2020",
    month = nov,
    year = "2020",
    address = "Online",
    url = "https://www.aclweb.org/anthology/2020.findings-emnlp.309",
}

@book{manning2008introduction,
  title={Introduction to information retrieval},
  author={Manning, Christopher D and Sch{\"u}tze, Hinrich and Raghavan, Prabhakar},
  year={2008},
  publisher={Cambridge university press}
}

@inproceedings{
Dhingra2020Differentiable,
title={Differentiable Reasoning over a Virtual Knowledge Base},
author={Bhuwan Dhingra and Manzil Zaheer and Vidhisha Balachandran and Graham Neubig and Ruslan Salakhutdinov and William W. Cohen},
booktitle={International Conference on Learning Representations},
year={2020},
url={https://openreview.net/forum?id=SJxstlHFPH}
}

@inproceedings{karpukhin-etal-2020-dense,
    title = "Dense Passage Retrieval for Open-Domain Question Answering",
    author = "Karpukhin, Vladimir  and
      Oguz, Barlas  and
      Min, Sewon  and
      Lewis, Patrick  and
      Wu, Ledell  and
      Edunov, Sergey  and
      Chen, Danqi  and
      Yih, Wen-tau",
    booktitle = emnlp,
    year = "2020",
    url = "https://www.aclweb.org/anthology/2020.emnlp-main.550",
}

@inproceedings{lee-etal-2019-latent,
    title = "Latent Retrieval for Weakly Supervised Open Domain Question Answering",
    author = "Lee, Kenton  and
      Chang, Ming-Wei  and
      Toutanova, Kristina",
    booktitle = acl,
    year = "2019",
    url = "https://www.aclweb.org/anthology/P19-1612",
}

@inproceedings{guu2020realm,
  title={{REALM}: Retrieval-augmented language model pre-training},
  author={Guu, Kelvin and Lee, Kenton and Tung, Zora and Pasupat, Panupong and Chang, Ming-Wei},
  booktitle=icml,
  url="https://arxiv.org/abs/2002.08909",
  year={2020}
}

@inproceedings{shrivastava2014asymmetric,
  title={Asymmetric LSH ({ALSH}) for sublinear time maximum inner product search ({MIPS})},
  author={Shrivastava, Anshumali and Li, Ping},
  booktitle=nips,
  url="https://dl.acm.org/doi/10.5555/2969033.2969086",
  year={2014}
}

@article{JDH17,
  title={Billion-scale similarity search with {GPU}s},
  author={Johnson, Jeff and Douze, Matthijs and J{\'e}gou, Herv{\'e}},
  journal={arXiv preprint arXiv:1702.08734},
  url="https://arxiv.org/abs/1702.08734",
  year={2017}
}

@inproceedings{talmor-berant-2018-web,
    title = "The Web as a Knowledge-Base for Answering Complex Questions",
    author = "Talmor, Alon  and
      Berant, Jonathan",
    booktitle = naacl,
    year = "2018",
    url = "https://www.aclweb.org/anthology/N18-1059",
}

@inproceedings{zhang2018variational,
  title={Variational reasoning for question answering with knowledge graph},
  author={Zhang, Yuyu and Dai, Hanjun and Kozareva, Zornitsa and Smola, Alexander and Song, Le},
  booktitle=aaai,
  url="https://aaai.org/ocs/index.php/AAAI/AAAI18/paper/view/16983",
  year={2018}
}

@article{ferrucci2010building,
  title={Building Watson: An overview of the DeepQA project},
  author={Ferrucci, David and Brown, Eric and Chu-Carroll, Jennifer and Fan, James and Gondek, David and Kalyanpur, Aditya A and Lally, Adam and Murdock, J William and Nyberg, Eric and Prager, John and others},
  journal={AI magazine},
  url="https://ojs.aaai.org//index.php/aimagazine/article/view/2303",
  year={2010}
}

@inproceedings{de2009towards,
  title={Towards a universal {W}ord{N}et by learning from combined evidence},
  author={De Melo, Gerard and Weikum, Gerhard},
  booktitle=cikm,
  url="https://dl.acm.org/doi/10.1145/1645953.1646020",
  year={2009}
}

@article{littman2002probabilistic,
  title={A probabilistic approach to solving crossword puzzles},
  author={Littman, Michael L and Keim, Greg A and Shazeer, Noam},
  journal={Artificial Intelligence},
  year={2002},
  volume = {134},
  number = {1},
  url="https://dl.acm.org/doi/10.1016/S0004-3702%2801%2900114-X",
  publisher={Elsevier}
}


@inproceedings{Zhao:Xiong:Qian:Boyd-Graber-2020,
	Title = {Complex Factoid Question Answering with a Free-Text Knowledge Graph},
	Author = {Chen Zhao and Chenyan Xiong and Xin Qian and Jordan Boyd-Graber},
	Booktitle = www,
	Year = {2020},
  url="https://arxiv.org/abs/2103.12876",
	Location = {Taipei, Taiwan},
}

@inproceedings{min-20,
    title = "{A}mbig{QA}: Answering Ambiguous Open-domain Questions",
    author = "Min, Sewon  and
      Michael, Julian  and
      Hajishirzi, Hannaneh  and
      Zettlemoyer, Luke",
    booktitle = emnlp,
    url="https://www.aclweb.org/anthology/2020.emnlp-main.466/",
    year = "2020",
}

@inproceedings{Elgohary-19,
	Title = {Can You Unpack That? Learning to Rewrite Questions-in-Context},
	Author = {Ahmed Elgohary and Denis Peskov and Jordan Boyd-Graber},
	Booktitle = emnlp,
  url="https://www.aclweb.org/anthology/D19-1605/",
	Year = {2019},
}

@inproceedings{Elgohary-18,
	Title = {Dataset and Baselines for Sequential Open-Domain Question Answering},
	Author = {Ahmed Elgohary and Chen Zhao and Jordan Boyd-Graber},
	Booktitle = emnlp,
  url="https://www.aclweb.org/anthology/D18-1134/",
	Year = {2018},
}

@inproceedings{lei-18,
    title = "{TVQA}: Localized, Compositional Video Question Answering",
    author = "Lei, Jie  and
      Yu, Licheng  and
      Bansal, Mohit  and
      Berg, Tamara",
    booktitle = emnlp,
    url="https://www.aclweb.org/anthology/D18-1167/",
    year = "2018",
}

@InProceedings{chang-09c,
  author    = {Jonathan Chang and Jordan Boyd-Graber and David M. Blei},
  booktitle    = kdd,
  location    = {Paris, France},
  title        = {Connections between the Lines: Augmenting Social Networks
          with Text},
  url ="https://dl.acm.org/doi/10.1145/1557019.1557044",
  year        = {2009}
}

@inproceedings{iyyer-16,
    Author = {Mohit Iyyer and Anupam Guha and Snigdha Chaturvedi and Jordan Boyd-Graber and Hal {Daum\'{e} III}},
    Url = "https://www.aclweb.org/anthology/N16-1180/",
    Booktitle = {North American Association for Computational Linguistics},
    Location = {San Diego, CA},
    Year = {2016},
    Title = {Feuding Families and Former Friends: Unsupervised Learning for Dynamic Fictional Relationships},
}

@inproceedings{guha-etal-2015-removing,
    title = "Removing the Training Wheels: A Coreference Dataset that Entertains Humans and Challenges Computers",
    author = "Guha, Anupam  and
      Iyyer, Mohit  and
      Bouman, Danny  and
      Boyd-Graber, Jordan",
    booktitle = naacl,
    year = "2015",
    url = "https://www.aclweb.org/anthology/N15-1117",
}

@Article{qi2020retrieve,
  title		= {Retrieve, Rerank, Read, then Iterate: Answering Open-Domain
      Questions of Arbitrary Complexity from Text},
  author	= {Qi, Peng and Lee, Haejun and Sido, Oghenetegiri "TG"
          and Manning, Christopher D.},
  journal	= {arXiv preprint arXiv:2010.12527},
  url="arXiv preprint arXiv:2010.12527",
  year		= {2020},
}

@InProceedings{qi2019answering,
  author	= {Qi, Peng and Lin, Xiaowen and Mehr, Leo and Wang, Zijian
		  and Manning, Christopher D.},
  booktitle	= emnlp,
  title		= {Answering Complex Open-domain Questions Through Iterative
		  Query Generation},
  url		= {https://nlp.stanford.edu/pubs/qi2019answering.pdf},
  year		= {2019},
}

@ARTICLE{bengio-13,
  author={Y. {Bengio} and A. {Courville} and P. {Vincent}},
  journal={IEEE Transactions on Pattern Analysis and Machine Intelligence}, 
  title={Representation Learning: A Review and New Perspectives}, 
  year={2013},
  doi={10.1109/TPAMI.2013.50}}

@Book{salton-68,
  author    = {Salton, Gerard.},
  title        = {Automatic Information Organization and Retrieval.},
  year        = {1968},
  isbn        = {0070544859},
  publisher    = {McGraw Hill Text}
}
