# QB Papers

@inproceedings{Guo:Pleiss:Sun:Weinberger-2017,
  Author = {Chuan Guo and Geoff Pleiss and Yu Sun and Kilian Q. Weinberger},
  Title = {On Calibration of Modern Neural Networks},
  Booktitle = icml,
  Year = {2017}
}

@inproceedings{chainer_learningsys2015,
  Author = {Tokui, Seiya and Oono, Kenta and Hido, Shohei and Clayton, Justin},
  Title = {Chainer: a Next-Generation Open Source Framework for Deep Learning},
  Booktitle = {Proceedings of Workshop on Machine Learning Systems (LearningSys) in The Twenty-ninth Annual Conference on Neural Information Processing Systems},
  Year = {2015}
}

@inproceedings{Boyd-Graber:Satinoff:He:Daume-III-2012,
Author = {Jordan Boyd-Graber and Brianna Satinoff and He He and Hal {Daum\'{e} III}},
Booktitle = emnlp,
Location = {Jeju, South Korea},
Year = {2012},
Title = {Besting the Quiz Master: Crowdsourcing Incremental Classification Games},
}

@inproceedings{Iyyer:Manjunatha:Boyd-Graber:Daume-III-2015,
Author = {Mohit Iyyer and Varun Manjunatha and Jordan Boyd-Graber and Hal {Daum\'{e} III}},
Booktitle = acl,
Year = {2015},
Title = {Deep Unordered Composition Rivals Syntactic Methods for Text Classification},
}

@inproceedings{Guha:Iyyer:Bouman:Boyd-Graber-2015,
  Author = {Anupam Guha and Mohit Iyyer and Danny Bouman and Jordan Boyd-Graber},
  Booktitle = naacl,
  Location = {Denver, Colorado},
  Year = {2015},
  Title = {Removing the Training Wheels: A Coreference Dataset that Entertains Humans and Challenges Computers},
}

@inproceedings{Iyyer:Boyd-Graber:Claudino:Socher:Daume-III-2014,
Author = {Mohit Iyyer and Jordan Boyd-Graber and Leonardo Claudino and Richard Socher and Hal {Daum\'{e} III}},
Booktitle = emnlp,
Year = {2014},
Title = {A Neural Network for Factoid Question Answering over Paragraphs},
}

# Shared Tasks

@inproceedings{Boyd-Graber:Iyyer:He:Daume-III-2015,
Author = {Jordan Boyd-Graber and Mohit Iyyer and He He and Hal {Daum\'{e} III}},
Booktitle = nips,
Location = {Montreal, Canada},
Year = {2015},
Title = {Interactive Incremental Question Answering},
}

# Relevant Papers

@article{Fader:2013ula,
  author = {Fader, A and Zettlemoyer, L S and Etzioni, O},
  title = {{Paraphrase-Driven Learning for Open Question Answering.}},
  journal = acl,
  year = {2013}
}

@article{Fader:2011ve,
  author = {Fader, Anthony and Soderland, Stephen and Etzioni, Oren},
  title = {{Identifying Relations for Open Information Extraction.}},
  journal = emnlp,
  year = {2011},
  pages = {1535--1545}
}

@article{Fader:2014fl,
  author = {Fader, Anthony and Zettlemoyer, Luke and Etzioni, Oren},
  title = {{Open question answering over curated and extracted knowledge bases.}},
  journal = kdd,
  year = {2014},
  pages = {1156--1165}
}

@article{Banko:2007ul,
  author = {Banko, Michele and Cafarella, Michael J and Soderland, Stephen and Broadhead, Matthew and Etzioni, Oren},
  title = {{Open Information Extraction from the Web.}},
  journal = ijcai,
  year = {2007}
}

# Exhibition Matches

@online{Boyd-Graber:Iyyer:Hentzel-2015,
  Title = {QANTA vs. Jeopardy Champions},
  Author = {Jordan Boyd-Graber and Mohit Iyyer and R. Hentzel},
  Url = {https://www.youtube.com/LqsUaprYMOw},
  Location = {Chicago, IL},
  Year = {2015},
}

@online{Boyd-Graber:Jennings:Smith-2015,
  Title = {QANTA vs. Ken Jennings},
  Author = {Jordan Boyd-Graber and Ken Jennings and Noah Smith},
  Url = {https://www.youtube.com/kTXJCEvCDYk},
  Location = {Seattle, WA},
  Year = {2015},
}

@online{Boyd-Graber:Murphy:Hentzel-2016,
  Title = {QANTA vs. Quiz Bowl Veterans},
  Author = {Jordan Boyd-Graber and Nathan Murphy and R. Hentzel},
  Url = {https://www.youtube.com/c2kGD1EdfFw},
  Location = {Dallas, TX},
  Year = {2016},
}

@online{Yamada:Boyd-Graber:Iyyer-2016,
  Title = {OUSIA vs. California NASAT Team},
  Author = {Ikuya Yamada and Jordan Boyd-Graber and Mohit Iyyer},
  Url = {https://www.youtube.com/watch?v=bQHo7BApgAU&index=2&list=PLegWUnz91WfscfMYZvuSWEweBbIpfFDlF},
  Location = {San Diego, CA},
  Year = {2016},
}
@online{Boyd-Graber:Rodriguez:Murphy:Hentzel-2017,
  Author = {Jordan Boyd-Graber and Pedro Rodriguez and Nathan Murphy and R. Hentzel},
  Year = {2017},
  Title = {QANTA vs. Quiz Bowl Veterans},
  Location = {Atlanta, GA},
  Url = {https://www.youtube.com/watch?v=bYFqMINXayc},
}

# Websites

@misc{wikigame,
  Title = {Wikipedia:Wiki Game - Wikipedia},
  howpublished = {\url{https://en.wikipedia.org/wiki/Wikipedia:Wiki_Game}},
  note = {Accessed: 2016-12-11}
}

@misc{qb-repo,
  Title = {Pinafore/qb: QANTA Quiz Bowl AI},
  howpublished = {\url{https://github.com/Pinafore/qb}},
  note = {Accessed: 2016-12-11}
}

@misc{wiki-link-graph,
  Title = {Using the Wikipedia link dataset - Henry Haselgrove},
  howpublished = {\url{https://web.archive.org/web/20160516004046/http://haselgrove.id.au/wikipedia.htm}},
  note = {Accessed: 2016-12-11}
}

@misc{wiki-small-world,
  Title = {Six Degrees of Wikipedia},
  howpublished = {\url{http://mu.netsoc.ie/wiki/}},
  note = {Accessed: 2016-12-11}
}

@misc{write-qb-ucb,
  Title = {Writing Good Quizbowl Questions: A Quick Primer},
  howpublished = {\url{https://www.ocf.berkeley.edu/~quizbowl/qb-writing.html}},
  note = {Accessed: 2018-12-04},
  author = {Paul Lujan and Seth Teitler}
}

@misc{write-qb-forum,
  Title = {How to Write Questions},
  howpublished = {\url{http://hsquizbowl.org/forums/viewtopic.php?f=30\&t=3945}},
  note = {Accessed: 2018-12-04},
  author = {Jerry Vinokurov}
}

@misc{write-qb-subash,
  Title = {Subash Maddipoti's Tips on Question Writing},
  howpublished = {\url{https://acf-quizbowl.com/documents/subash-maddipotis-tips-on-question-writing/}},
  note = {Accessed: 2018-12-04},
  author = {Subash Maddipoti}
}

@misc{acf-distro,
  Title = {2014-15 Packet Submission Guidelines},
  howpublished = {\url{https://acf-quizbowl.com/archives/archived-guidelines/2014-15-packet-submission-guidelines/}},
  note = {Accessed: 2019-06-23},
  year = 2014,
  author = {Jerry Vinokurov and Gautam Kandlikar and Gaurav Kandlikar and Matthew Jackson and Ryan Westbrook and Rob Carson}
}

# More QA

@article{Narasimhan:2016uc,
  author = {Narasimhan, Karthik and Yala, Adam and Barzilay, Regina},
  title = {{Improving Information Extraction by Acquiring External Evidence with Reinforcement Learning}},
  journal = {arXiv preprint arXiv:1603.07954v3},
  year = {2016}
}

@article{Mausam:2012wu,
  author = {{Mausam} and Schmitz, Michael and Soderland, Stephen and Bart, Robert and Etzioni, Oren},
  title = {{Open Language Learning for Information Extraction.}},
  journal = conll,
  year = {2012}
}
@article{Labutov:2016uv,
  author = {Labutov, Igor and Schalekamp, Frans and Luu, Kelvin and Lipson, Hod and Studer, Christoph},
  title = {{Optimally Discriminative Choice Sets in Discrete Choice Models - Application to Data-Driven Test Design.}},
  journal = kdd,
  year = {2016}
}

@article{Wang:2007ti,
  author = {Wang, M and Smith, N A and Mitamura, T},
  title = {{What is the Jeopardy Model? A Quasi-Synchronous Grammar for QA.}},
  journal = conll,
  year = {2007}
}

@article{Simmons:1970ew,
  author = {Simmons, Robert F},
  title = {{Natural language question-answering systems: 1969}},
  journal = {Communications of the ACM},
  year = {1970},
  volume = {13},
  number = {1},
  pages = {15--30},
  month = jan
}

@article{West:2009ue,
  author = {Robert West and Pineau, Joelle and Precup, Doina},
  title = {{Wikispeedia - An Online Game for Inferring Semantic Distances between Concepts.}},
  journal = ijcai,
  year = {2009}
}

@article{miller1995wordnet,
  title={WordNet: a lexical database for English},
  author={Miller, George A},
  journal={Communications of the ACM},
  volume={38},
  number={11},
  pages={39--41},
  year={1995},
  publisher={ACM}
}

@article{Ferrucci2010BuildingWA,
  title={Building Watson: An Overview of the DeepQA Project},
  author={David A. Ferrucci and Eric W. Brown and Jennifer Chu-Carroll and James Fan and David Gondek and Aditya Kalyanpur and Adam Lally and J. William Murdock and Eric Nyberg and John M. Prager and Nico Schlaefer and Christopher A. Welty},
  journal={AI Magazine},
  year={2010},
  volume={31},
  pages={59-79}
}

# Word Embeddings

@inproceedings{mikolov2013distributed,
  title={Distributed Representations of Words and Phrases and their Compositionality},
  author={Tomas Mikolov and Ilya Sutskever and Kai Chen and Gregory S. Corrado and Jeffrey Dean},
  booktitle=nips,
  year={2013}
}

@inproceedings{pennington2014glove,
  author = {Jeffrey Pennington and Richard Socher and Christopher D. Manning},
  booktitle = emnlp,
  title = {GloVe: Global Vectors for Word Representation},
  year = {2014}
}

@article{joulin2016fasttext,
  title={FastText.zip: Compressing text classification models},
  author={Joulin, Armand and Grave, Edouard and Bojanowski, Piotr and Douze, Matthijs and J{\'e}gou, H{\'e}rve and Mikolov, Tomas},
  journal={arXiv preprint arXiv:1612.03651},
  year={2016}
}



# QA Datasets

@inproceedings{squad16,
  author    = {Pranav Rajpurkar and Jian Zhang and
      Konstantin Lopyrev and
      Percy Liang},
  title     = {SQuAD: 100, 000+ Questions for Machine Comprehension of Text},
  booktitle = emnlp,
  year      = {2016}
}

@InProceedings{DBLP:conf/acl/HewlettLJPFHKB16,
  author = 	"Hewlett, Daniel
  and Lacoste, Alexandre
  and Jones, Llion
  and Polosukhin, Illia
  and Fandrianto, Andrew
  and Han, Jay
  and Kelcey, Matthew
  and Berthelot, David",
  title = 	"WikiReading: A Novel Large-scale Language Understanding Task over Wikipedia",
  booktitle = 	acl,
  year = 	"2016"
}


@inproceedings{Berant2013SemanticPO,
  title={Semantic Parsing on Freebase from Question-Answer Pairs},
  author={Jonathan Berant and Andrew Chou and Roy Frostig and Percy S. Liang},
  booktitle=emnlp,
  year={2013}
}

@inproceedings{DBLP:conf/clef/BaudisS15,
author    = {Petr Baudis and
Jan Sediv{\'{y}}},
title     = {Modeling of the Question Answering Task in the YodaQA System},
booktitle = {Experimental {IR} Meets Multilinguality, Multimodality, and Interaction
    - 6th International Conference of the {CLEF} Association, {CLEF} 2015,
    Toulouse, France, September 8-11, 2015, Proceedings},
pages     = {222--228},
year      = {2015},
doi       = {10.1007/978-3-319-24027-5_20},
}

# Memory Networks

@article{DBLP:journals/corr/WestonCB14,
  author    = {Jason Weston and
      Sumit Chopra and
      Antoine Bordes},
  title     = {Memory Networks},
  journal   = {CoRR},
  volume    = {abs/1410.3916},
  year      = {2014},
  url       = {http://arxiv.org/abs/1410.3916},
  timestamp = {Sun, 02 Nov 2014 11:25:59 +0100},
  biburl    = {http://dblp.uni-trier.de/rec/bib/journals/corr/WestonCB14},
  bibsource = {dblp computer science bibliography, http://dblp.org}
}

@article{DBLP:journals/corr/BordesUCW15,
  author    = {Antoine Bordes and
      Nicolas Usunier and
      Sumit Chopra and
      Jason Weston},
  title     = {Large-scale Simple Question Answering with Memory Networks},
  journal   = {arXiv preprint arXiv:1506.02075},
  year      = {2015},
}

@inproceedings{DBLP:conf/emnlp/MillerFDKBW16,
  author    = {Alexander H. Miller and
      Adam Fisch and
      Jesse Dodge and
      Amir{-}Hossein Karimi and
      Antoine Bordes and
      Jason Weston},
  title     = {Key-Value Memory Networks for Directly Reading Documents},
  booktitle = emnlp,
  year      = {2016}
}

@inproceedings{DBLP:conf/emnlp/BordesCW14,
  author    = {Antoine Bordes and
      Sumit Chopra and
      Jason Weston},
  title     = {Question Answering with Subgraph Embeddings},
  booktitle = {Proceedings of the 2014 Conference on Empirical Methods in Natural
      Language Processing, {EMNLP} 2014, October 25-29, 2014, Doha, Qatar,
      {A} meeting of SIGDAT, a Special Interest Group of the {ACL}},
  pages     = {615--620},
  year      = {2014},
  url       = {http://aclweb.org/anthology/D/D14/D14-1067.pdf},
  timestamp = {Sat, 15 Nov 2014 14:45:18 +0100},
  biburl    = {http://dblp.uni-trier.de/rec/bib/conf/emnlp/BordesCW14},
  bibsource = {dblp computer science bibliography, http://dblp.org}
}

@article{Dunn2017SearchQAAN,
  title={SearchQA: A New Q{\&}A Dataset Augmented with Context from a Search Engine},
  author={Matthew Dunn and Levent Sagun and Mike Higgins and V. Ugur G{\"u}ney and Volkan Cirik and Kyunghyun Cho},
  journal={arXiv preprint arXiv:1704.05179},
  year={2017}
}

@inproceedings{chen2017reading,
  title={Reading Wikipedia to Answer Open-Domain Questions},
  author={Chen, Danqi and Fisch, Adam and Weston, Jason and Bordes, Antoine},
  booktitle=acl,
  year={2017}
}

@InProceedings{JoshiTriviaQA2017,
  author = {Joshi, Mandar and Choi, Eunsol and Weld, Daniel S. and Zettlemoyer, Luke},
  title = {TriviaQA: A Large Scale Distantly Supervised Challenge Dataset for Reading Comprehension},
  booktitle = acl,
  year = {2017},
}

@inproceedings{DBLP:conf/nips/SukhbaatarSWF15,
  author    = {Sainbayar Sukhbaatar and
      Arthur Szlam and
      Jason Weston and
      Rob Fergus},
  title     = {End-To-End Memory Networks},
  booktitle = nips,
  pages     = {2440--2448},
  year      = {2015},
  url       = {http://papers.nips.cc/paper/5846-end-to-end-memory-networks},
  timestamp = {Fri, 08 Apr 2016 19:32:52 +0200},
  biburl    = {http://dblp.uni-trier.de/rec/bib/conf/nips/SukhbaatarSWF15},
  bibsource = {dblp computer science bibliography, http://dblp.org}
}

@article{DBLP:journals/corr/WestonBCM15,
author    = {Jason Weston and
    Antoine Bordes and
    Sumit Chopra and
    Tomas Mikolov},
title     = {Towards AI-Complete Question Answering: {A} Set of Prerequisite Toy
Tasks},
journal   = {CoRR},
volume    = {abs/1502.05698},
year      = {2015},
url       = {http://arxiv.org/abs/1502.05698},
timestamp = {Mon, 02 Mar 2015 14:17:34 +0100},
biburl    = {http://dblp.uni-trier.de/rec/bib/journals/corr/WestonBCM15},
bibsource = {dblp computer science bibliography, http://dblp.org}
}

# Misc Citations

@inproceedings{DBLP:conf/icml/ZubekD02,
  author    = {Valentina Bayer Zubek and
      Thomas G. Dietterich},
  title     = {Pruning Improves Heuristic Search for Cost-Sensitive Learning},
  booktitle = icml,
  year      = {2002},
  timestamp = {Tue, 26 Nov 2002 10:58:27 +0100},
  bibsource = {dblp computer science bibliography, https://dblp.org}
}

@article{Chai2004TestcostSN,
  title={Test-cost sensitive naive Bayes classification},
  author={Xiaoyong Chai and Lin Deng and Qiang Yang and Charles X. Ling},
  journal={Fourth IEEE International Conference on Data Mining (ICDM'04)},
  year={2004},
  pages={51-58}
}


@article{DBLP:journals/pr/JiC07,
  author    = {Shihao Ji and
      Lawrence Carin},
  title     = {Cost-sensitive feature acquisition and classification},
  journal   = {Pattern Recognition},
  volume    = {40},
  number    = {5},
  pages     = {1474--1485},
  year      = {2007},
  url       = {https://doi.org/10.1016/j.patcog.2006.11.008},
  doi       = {10.1016/j.patcog.2006.11.008},
  timestamp = {Thu, 18 May 2017 09:54:39 +0200},
  biburl    = {https://dblp.org/rec/bib/journals/pr/JiC07},
  bibsource = {dblp computer science bibliography, https://dblp.org}
}

@inproceedings{DBLP:conf/icdm/MelvillePM05,
  author    = {Prem Melville and
      Foster J. Provost and
      Raymond J. Mooney},
  title     = {An Expected Utility Approach to Active Feature-Value Acquisition},
  booktitle = {Proceedings of the 5th {IEEE} International Conference on Data Mining
        {(ICDM} 2005), 27-30 November 2005, Houston, Texas, {USA}},
  pages     = {745--748},
  year      = {2005},
  url       = {https://doi.org/10.1109/ICDM.2005.23},
  doi       = {10.1109/ICDM.2005.23},
  timestamp = {Fri, 26 May 2017 00:49:29 +0200},
  biburl    = {https://dblp.org/rec/bib/conf/icdm/MelvillePM05},
  bibsource = {dblp computer science bibliography, https://dblp.org}
}


# Deep learning

@inproceedings{DBLP:journals/jmlr/GlorotBB11,
  author    = {Xavier Glorot and
      Antoine Bordes and
      Yoshua Bengio},
  title     = {Deep Sparse Rectifier Neural Networks},
  booktitle = {Proceedings of the Fourteenth International Conference on Artificial
      Intelligence and Statistics, {AISTATS} 2011, Fort Lauderdale, USA,
      April 11-13, 2011},
  pages     = {315--323},
  year      = {2011},
  url       = {http://www.jmlr.org/proceedings/papers/v15/glorot11a/glorot11a.pdf},
  timestamp = {Thu, 11 Sep 2014 07:28:56 +0200},
  biburl    = {https://dblp.org/rec/bib/journals/jmlr/GlorotBB11},
  bibsource = {dblp computer science bibliography, https://dblp.org}
}

@inproceedings{Kingma2014AdamAM,
  title={Adam: A Method for Stochastic Optimization},
  author={Diederik P. Kingma and Jimmy Ba},
  booktitle=iclr,
  year={2015}
}

@inproceedings{DBLP:conf/icml/IoffeS15,
  title={Batch Normalization: Accelerating Deep Network Training by Reducing Internal Covariate Shift},
  author={Sergey Ioffe and Christian Szegedy},
  booktitle=icml,
  year={2015}
}

@article{DBLP:journals/jmlr/SrivastavaHKSS14,
  title={Dropout: a simple way to prevent neural networks from overfitting},
  author={Nitish Srivastava and Geoffrey E. Hinton and Alex Krizhevsky and Ilya Sutskever and Ruslan R. Salakhutdinov},
  journal=jmlr,
  year={2014},
  volume={15},
  pages={1929-1958}
}

@article{DBLP:journals/corr/ClevertUH15,
author    = {Djork{-}Arn{\'{e}} Clevert and
Thomas Unterthiner and
Sepp Hochreiter},
title     = {Fast and Accurate Deep Network Learning by Exponential Linear Units
    (ELUs)},
journal   = {CoRR},
volume    = {abs/1511.07289},
year      = {2015},
url       = {http://arxiv.org/abs/1511.07289},
archivePrefix = {arXiv},
eprint    = {1511.07289},
timestamp = {Wed, 07 Jun 2017 14:40:17 +0200},
biburl    = {https://dblp.org/rec/bib/journals/corr/ClevertUH15},
bibsource = {dblp computer science bibliography, https://dblp.org}
}

@inproceedings{ChoMBB14,
  title={On the Properties of Neural Machine Translation: Encoder-Decoder Approaches},
  author={Kyunghyun Cho and Bart van Merrienboer and Dzmitry Bahdanau and Yoshua Bengio},
  booktitle=ssst,
  year={2014}
}

@article{SchusterP97,
  title={Bidirectional recurrent neural networks},
  author={Mike Schuster and Kuldip K. Paliwal},
  journal={IEEE Trans. Signal Processing},
  year={1997},
  volume={45},
  pages={2673-2681}
}

@article{DBLP:journals/neco/HochreiterS97,
  title={Long Short-Term Memory},
  author={Sepp Hochreiter and J{\"u}rgen Schmidhuber},
  journal={Neural Computation},
  year={1997},
  volume={9},
  pages={1735-1780}
}

@book{DBLP:series/sci/2012-385,
  author    = {Alex Graves},
  title     = {Supervised Sequence Labelling with Recurrent Neural Networks},
  series    = {Studies in Computational Intelligence},
  volume    = {385},
  publisher = {Springer},
  year      = {2012},
  url       = {https://doi.org/10.1007/978-3-642-24797-2},
  doi       = {10.1007/978-3-642-24797-2},
  isbn      = {978-3-642-24796-5},
  timestamp = {Tue, 16 May 2017 14:24:36 +0200},
  biburl    = {https://dblp.org/rec/bib/series/sci/2012-385},
  bibsource = {dblp computer science bibliography, https://dblp.org}
}




# software
@article{Agarwal2014ARE,
  title={A Reliable Effective Terascale Linear Learning System},
  author={Alekh Agarwal and Olivier Chapelle and Miroslav Dud{\'i}k and John Langford},
  journal=jmlr,
  year={2014},
  volume={15},
  pages={1111-1133}
}

@article{scikit-learn,
  title={Scikit-learn: Machine Learning in {P}ython},
  author={Pedregosa, F. and Varoquaux, G. and Gramfort, A. and Michel, V.
      and Thirion, B. and Grisel, O. and Blondel, M. and Prettenhofer, P.
      and Weiss, R. and Dubourg, V. and Vanderplas, J. and Passos, A. and
      Cournapeau, D. and Brucher, M. and Perrot, M. and Duchesnay, E.},
  journal=jmlr,
  volume={12},
  pages={2825--2830},
  year={2011}
}

@inproceedings{paszke2017automatic,
  title={Automatic differentiation in PyTorch},
  author={Paszke, Adam and Gross, Sam and Chintala, Soumith and Chanan, Gregory and Yang, Edward and DeVito, Zachary and Lin, Zeming and Desmaison, Alban and Antiga, Luca and Lerer, Adam},
  booktitle={NIPS-W},
  year={2017}
}

@book{gormley2015elasticsearch,
  title={Elasticsearch: The Definitive Guide},
  author={Gormley, Clinton and Tong, Zachary},
  year={2015},
  publisher={" O'Reilly Media, Inc."}
}

@inproceedings{daume16recalltree,
  title={Logarithmic Time One-Against-Some},
  author={Hal Daum{\'e} and Nikos Karampatziakis and John Langford and Paul Mineiro},
  booktitle=icml,
  year={2017}
}

@inproceedings{RobertsonW94,
  author    = {Stephen E. Robertson and
      Steve Walker},
  title     = {Some Simple Effective Approximations to the 2-Poisson Model for Probabilistic
      Weighted Retrieval},
  booktitle = sigir,
  year      = {1994}
}

@ARTICLE{spacy2,
  AUTHOR  = {Honnibal, Matthew AND Montani, Ines},
  TITLE   = {spaCy 2: Natural language understanding with Bloom embeddings, convolutional neural networks and incremental parsing},
  YEAR    = {2017},
  JOURNAL = {To appear}
}

@inproceedings{feng2018rawr,
  title={Pathologies of Neural Models Make Interpretations Difficult},
  author={Shi Feng and Eric Wallace and Alvin Grissom II and Mohit Iyyer and Pedro Rodriguez and Jordan Boyd-Graber},
  booktitle=emnlp,
  year={2018}
}
@inproceedings{Rajpurkar2018KnowWY,
  title={Know What You Don't Know: Unanswerable Questions for SQuAD},
  author={Pranav Rajpurkar and Robin Jia and Percy Liang},
  booktitle=acl,
  year={2018}
}
@inproceedings{wallace2018trick,
  Author = {Eric Wallace and Pedro Rodriguez and Shi Feng and Jordan Boyd-Graber},
  Title = {Trick Me If You Can: Human-in-the-loop Generation of Adversarial Question Answering Examples},
  Year = {2019},
  booktitle=tacl
}
@inproceedings{IyyerSCPN2018,
  Author = {Mohit Iyyer and John Wieting and Kevin Gimpel and Luke Zettlemoyer},
  Booktitle = naacl,
  Year = "2018",
  Title = {Adversarial Example Generation with Syntactically Controlled Paraphrase Networks}
}
@InProceedings{corenlp,
  author    = {Manning, Christopher D. and  Surdeanu, Mihai  and  Bauer, John  and  Finkel, Jenny  and  Bethard, Steven J. and  McClosky, David},
  title     = {The {Stanford} {CoreNLP} Natural Language Processing Toolkit},
  booktitle = {Association for Computational Linguistics System Demonstrations},
  year      = {2014},
  pages     = {55--60}
}

@online{corenlp_parse,
  title = {Shift-Reduce Constituency Parser},
  author = {John Bauer},
  year = {2014},
  urldate = {2019-04-02},
  url = {https://nlp.stanford.edu/software/srparser.html}
}

@inproceedings{Vaswani2017AttentionIA,
  title={Attention Is All You Need},
  author={Ashish Vaswani and Noam Shazeer and Niki Parmar and Jakob Uszkoreit and Llion Jones and Aidan N. Gomez and Lukasz Kaiser and Illia Polosukhin},
  booktitle=nips,
  year={2017}
}
@inproceedings{Radford2018ImprovingLU,
  title={Improving Language Understanding by Generative Pre-Training},
  author={Alec Radford},
  year={2018}
}

@inproceedings{multiDA2018,
  title={Multinomial Adversarial Networks for Multi-Domain Text Classification},
  author={Xilun Chen and Claire Cardie},
  booktitle=naacl,
  year={2018}
}

@ARTICLE{2018arXiv180908291B,
author = {{Boyce-Jacino}, C. and {DeDeo}, S.},
title = "{Opacity, Obscurity, and the Geometry of Question-Asking}",
journal = {ArXiv e-prints},
archivePrefix = "arXiv",
eprint = {1809.08291},
primaryClass = "cs.CL",
keywords = {Computer Science - Computation and Language, Computer Science - Artificial Intelligence, Physics - Physics and Society, Quantitative Biology - Neurons and Cognition},
year = 2018,
month = sep,
adsurl = {http://adsabs.harvard.edu/abs/2018arXiv180908291B},
adsnote = {Provided by the SAO/NASA Astrophysics Data System}
}
@mastersthesis{Yoshida2018DomainAF,
  title={Domain Adaptation for Factoid Question Answering},
  author={Davis Yoshida},
  year={2018},
  note={Applied Mathematics Graduate Theses \& Dissertations},
  school={University of Colorado at Boulder}
}

@inproceedings{Daum2007FrustratinglyED,
  title={Frustratingly Easy Domain Adaptation},
  author={Daume III, Hal},
  booktitle=acl,
  year={2007}
}

@inproceedings{Blitzer2007BiographiesBB,
  title={Biographies, Bollywood, Boom-boxes and Blenders: Domain Adaptation for Sentiment Classification},
  author={John Blitzer and Mark Dredze and Fernando Pereira},
  booktitle=acl,
  year={2007}
}
@article{Yamada2018StudioOQ,
  title={Studio Ousia's Quiz Bowl Question Answering System},
  author={Ikuya Yamada and Ryuji Tamaki and Hiroyuki Shindo and Yoshiyasu Takefuji},
  journal={arXiv preprint arXiv:1803.08652},
  year={2018},
}
@article{Yamada2017LearningDR,
  title={Learning Distributed Representations of Texts and Entities from Knowledge Base},
  author={Ikuya Yamada and Hiroyuki Shindo and Hideaki Takeda and Yoshiyasu Takefuji},
  journal=tacl,
  year={2017},
  volume={5},
  pages={397-411}
}
@inproceedings{augment2018,
  Author = {Shi Feng and Jordan Boyd-Graber},
  Title = {What can AI do for me: Evaluating Machine Learning Interpretations in Cooperative Play},
  Year = {2019},
  booktitle = iui
}
@inproceedings{Petrochuk2018SimpleQuestionsNS,
  title={SimpleQuestions Nearly Solved: A New Upperbound and Baseline Approach},
  author={Michael Petrochuk and Luke S. Zettlemoyer},
  booktitle=emnlp,
  year={2018}
}
@inproceedings{Yang2015WikiQAAC,
  title={WikiQA: A Challenge Dataset for Open-Domain Question Answering},
  author={Yi Yang and Wen-tau Yih and Christopher Meek},
  booktitle=emnlp,
  year={2015}
}
@inproceedings{Trischler2017NewsQAAM,
  title={NewsQA: A Machine Comprehension Dataset},
  author={Adam Trischler and Tong Wang and Xingdi Yuan and Justin Harris and Alessandro Sordoni and Philip Bachman and Kaheer Suleman},
  booktitle=rep4nlp,
  year={2017}
}
@article{Dhingra2017QuasarDF,
  title={Quasar: Datasets for Question Answering by Search and Reading},
  author={Bhuwan Dhingra and Kathryn Mazaitis and William W. Cohen},
  journal={arXiv preprint arXiv:1707.03904},
  year={2017}
}
@inproceedings{Elgohary2018ADA,
  title={A dataset and baselines for sequential open-domain question answering},
  author={Ahmed Elgohary and Chen Zhao and Jordan L. Boyd-Graber},
  booktitle=emnlp,
  year={2018}
}
@inproceedings{Voorhees2000BuildingAQ,
  title={Building a question answering test collection},
  author={Ellen M. Voorhees and Dawn M. Tice},
  booktitle=sigir,
  year={2000}
}

@ARTICLE{Voorhees1999-oz,
title    = "The {TREC-8} Question Answering Track Report",
author   = "Voorhees, Ellen M",
journal  = "TREC",
year     =  1999
}

@article{Nguyen2016MSMA,
  title={MS MARCO: A Human Generated MAchine Reading COmprehension Dataset},
  author={Tri Nguyen and Mir Rosenberg and Xia Song and Jianfeng Gao and Saurabh Tiwary and Rangan Majumder and Li Deng},
  journal={arXiv preprint arXiv:1611.09268},
  year={2016},
}

@article{Welbl2018ConstructingDF,
  title={Constructing Datasets for Multi-hop Reading Comprehension Across Documents},
  author={Johannes Welbl and Pontus Stenetorp and Sebastian Riedel},
  journal=tacl,
  year={2018},
  volume={6},
  pages={287-302}
}
@inproceedings{Yang2018HotpotQAAD,
  title={HotpotQA: A Dataset for Diverse, Explainable Multi-hop Question Answering},
  author={Zhilin Yang and Peng Qi and Saizheng Zhang and Yoshua Bengio and William W. Cohen and Ruslan Salakhutdinov and Christopher D. Manning},
  booktitle=emnlp,
  year={2018}
}
@inproceedings{Sugawara2018WhatMR,
  title={What Makes Reading Comprehension Questions Easier?},
  author={Saku Sugawara and Kentaro Inui and Satoshi Sekine and Akiko Aizawa},
  booktitle=emnlp,
  year={2018}
}
@inproceedings{Gururangan2018AnnotationAI,
  title={Annotation Artifacts in Natural Language Inference Data},
  author={Suchin Gururangan and Swabha Swayamdipta and Omer Levy and Roy Schwartz and Samuel R. Bowman and Noah A. Smith},
  booktitle=naacl,
  year={2018}
}

@article{Goyal2017MakingTV,
  title={Making the V in VQA Matter: Elevating the Role of Image Understanding in Visual Question Answering},
  author={Yash Goyal and Tejas Khot and Douglas Summers-Stay and Dhruv Batra and Devi Parikh},
  journal={International Journal of Computer Vision},
  year={2017},
  volume={127},
  pages={398-414}
}
@inproceedings{chen2016thorough,
  title={A Thorough Examination of the {CNN/Daily Mail} Reading Comprehension Task},
  author={Chen, Danqi and Bolton, Jason and Manning, Christopher D.},
  booktitle=acl,
  year={2016}
}

@inproceedings{DBLP:conf/emnlp/KaushikL18,
  title={How Much Reading Does Reading Comprehension Require? A Critical Investigation of Popular Benchmarks},
  author={Divyansh Kaushik and Zachary Chase Lipton},
  booktitle=emnlp,
  year={2018}
}
@inproceedings{he2016opponent,
  title={Opponent Modeling in Deep Reinforcement Learning},
  author={He He and Jordan L. Boyd-Graber and Kevin Kwok and Hal {Daum{\'e} III}},
  booktitle=icml,
  year={2016}
}

@inproceedings{Ng2017MachineLF,
  title={Machine Learning for Entity Coreference Resolution: A Retrospective Look at Two Decades of Research},
  author={Vincent Ng},
  booktitle=aaai,
  year={2017}
}
@article{Durrett2014AJM,
  title={A Joint Model for Entity Analysis: Coreference, Typing, and Linking},
  author={Greg Durrett and Dan Klein},
  journal=tacl,
  year={2014},
  volume={2},
  pages={477-490}
}
@misc{taylor_mcnulty_meek,
  title={Your Starter for Ten: 50 Years of {University Challenge}},
  url={https://www.bbc.co.uk/sounds/play/b01m49vh},
  journal={Archive on 4},
  author={Taylor, David and McNulty, Colin and Meek, Jo},
  publisher={BBC Radio 4},
  year={2012}
}

@inproceedings{Grissom-II:Orita:Boyd-Graber-2016,
  Year = {2016},
  Booktitle = {Conference on Computational Natural Language Learning},
  Author = {Alvin {Grissom II} and Naho Orita and Jordan Boyd-Graber},
  Url = {docs/2016_conll_verbpred.pdf},
  Location = {Berlin, Germany},
  Title = {Incremental Prediction of Sentence-final Verbs},
}
@inproceedings{Grissom-II:He:Boyd-Graber:Morgan:Daume-III-2014,
Year = {2014},
Booktitle = emnlp,
Author = {Alvin {Grissom II} and He He and Jordan Boyd-Graber and John Morgan and Hal {Daum\'{e} III}},
Url = {docs/2014_emnlp_simtrans.pdf},
Location = {Doha, Qatar},
Title = {Don't Until the Final Verb Wait: Reinforcement Learning for Simultaneous Machine Translation},
}
@Inbook{Yampolskiy-13,
  author="Yampolskiy, Roman V.",
  editor="Yang, Xin-She",
  title="Turing Test as a Defining Feature of AI-Completeness",
  bookTitle="Artificial Intelligence, Evolutionary Computing and Metaheuristics: In the Footsteps of Alan Turing",
  year="2013",
  publisher="Springer Berlin Heidelberg",
  address="Berlin, Heidelberg",
  pages="3--17",
  isbn="978-3-642-29694-9",
  doi="10.1007/978-3-642-29694-9_1",
}
@article{Xian2018ZeroShotL,
  title={Zero-Shot Learning - A Comprehensive Evaluation of the Good, the Bad and the Ugly},
  author={Yongqin Xian and Christoph H. Lampert and Bernt Schiele and Zeynep Akata},
  journal={IEEE transactions on pattern analysis and machine intelligence},
  year={2018}
}
@inproceedings{Singh2018SemanticallyEA,
  title={Semantically Equivalent Adversarial Rules for Debugging NLP models},
  author={Marco Tulio Ribeiro and Sameer Singh and Carlos Guestrin},
  booktitle=acl,
  year={2018}
}
@inproceedings{Patel2008InvestigatingSM,
  title={Investigating statistical machine learning as a tool for software development},
  author={Kayur Patel and James Fogarty and James A. Landay and Beverly L. Harrison},
  booktitle=chi,
  year={2008}
}
@inproceedings{Jia2017AdversarialEF,
  title={Adversarial Examples for Evaluating Reading Comprehension Systems},
  author={Robin Jia and Percy Liang},
  booktitle=emnlp,
  year={2017}
}
@inproceedings{Kim2016FrustratinglyEN,
  title={Frustratingly Easy Neural Domain Adaptation},
  author={Young-Bum Kim and Karl Stratos and Ruhi Sarikaya},
  booktitle=coling,
  year={2016}
}
@book{trebekistan,
  title={Prisoner of Trebekistan: a decade in Jeopardy!},
  place={New York},
  author={Harris, Bob},
  year={2006},
  pupublisher={Crown Publishers}
}
@article{Shen2015EntityLW,
  title={Entity Linking with a Knowledge Base: Issues, Techniques, and Solutions},
  author={Wei Shen and Jianyong Wang and Jiawei Han},
  journal={IEEE Transactions on Knowledge and Data Engineering},
  year={2015},
  volume={27},
  pages={443-460}
}
@inproceedings{stuckardt2003coreference,
  title={Coreference-based summarization and question answering: a case for high precision anaphor resolution},
  author={Stuckardt, Roland},
  booktitle={International Symposium on Reference Resolution},
  year={2003}
}
@inproceedings{Kupiec1993MURAXAR,
  title={MURAX: A Robust Linguistic Approach for Question Answering Using an On-Line Encyclopedia},
  author={Julian Kupiec},
  booktitle=sigir,
  year={1993}
}
@inproceedings{Papineni2002BleuAM,
  title={Bleu: a Method for Automatic Evaluation of Machine Translation},
  author={Kishore Papineni and Salim Roukos and Todd Ward and Wei-Jing Zhu},
  booktitle=acl,
  year={2002}
}
@inproceedings{Lin2004ROUGEAP,
  author = 	"Lin, Chin-Yew",
  title = 	"ROUGE: A Package for Automatic Evaluation of Summaries",
  booktitle = 	"Text Summarization Branches Out",
  year = 	"2004"
}
@article{Tesauro2013AnalysisOW,
  title={Analysis of Watson's Strategies for Playing Jeopardy!},
  author={Gerald Tesauro and David Gondek and Jonathan Lenchner and James Fan and John M. Prager},
  journal=jair,
  year={2013},
  volume={47},
  pages={205-251}
}
@article{Palangi2016DeepSE,
  title={Deep Sentence Embedding Using Long Short-Term Memory Networks: Analysis and Application to Information Retrieval},
  author={Hamid Palangi and Li Deng and Yelong Shen and Jianfeng Gao and Xiaodong He and Jianshu Chen and Xinying Song and Rabab Kreidieh Ward},
  journal={IEEE/ACM Transactions on Audio, Speech, and Language Processing},
  year={2016},
  volume={24},
  pages={694-707}
}
@inproceedings{Peters2018,
  author={Peters, Matthew E. and  Neumann, Mark and Iyyer, Mohit and Gardner, Matt and Clark, Christopher and Lee, Kenton and Zettlemoyer, Luke},
  title={Deep contextualized word representations},
  booktitle=naacl,
  year={2018}
}
@article{devlin2018bert,
  title={BERT: Pre-training of Deep Bidirectional Transformers for Language Understanding},
  author={Devlin, Jacob and Chang, Ming-Wei and Lee, Kenton and Toutanova, Kristina},
  journal={arXiv preprint arXiv:1810.04805},
  year={2018}
}
@article{Elman1990FindingSI,
  title={Finding Structure in Time},
  author={Jeffrey L. Elman},
  journal={Cognitive Science},
  year={1990},
  volume={14},
  pages={179-211}
}
@article{Linzen2016AssessingTA,
  title={Assessing the Ability of LSTMs to Learn Syntax-Sensitive Dependencies},
  author={Tal Linzen and Emmanuel Dupoux and Yoav Goldberg},
  journal=tacl,
  year={2016},
  volume={4},
  pages={521-535}
}
@inproceedings{Dai2015SemisupervisedSL,
  title={Semi-supervised Sequence Learning},
  author={Andrew M. Dai and Quoc V. Le},
  booktitle=nips,
  year={2015}
}
@inproceedings{Wang2018MultigranularityHA,
  title={Multi-granularity hierarchical attention fusion networks for reading comprehension and question answering},
  author={Wei Wang and Chen Chi Wu and Ming Yan},
  booktitle=acl,
  year={2018}
}

@inproceedings{hendrycks2016baseline,
  title={A Baseline for Detecting Misclassified and Out-of-Distribution Examples in Neural Networks},
  author={Dan Hendrycks and Kevin Gimpel},
  booktitle=iclr,
  year={2017}
}

@article{qb19,
  author = {Pedro Rodriguez and Shi Feng and Mohit Iyyer and He He and Jordan Boyd-Graber},
  title = {Quizbowl: The Case for Incremental Question Answering},
  journal = {arXiv preprint arXiv:1904.04792},
  year = {2019}
}
@article{Ferragina2012FastAA,
  title={Fast and Accurate Annotation of Short Texts with Wikipedia Pages},
  author={Paolo Ferragina and Ugo Scaiella},
  journal={IEEE Software},
  year={2012},
  volume={29},
  pages={70-75}
}
@inproceedings{Clark2018SimpleAE,
  title={Simple and Effective Multi-Paragraph Reading Comprehension},
  author={Christopher Clark and Matt Gardner},
  booktitle=acl,
  year={2018}
}
@article{Seo2017BidirectionalAF,
  title={Bidirectional Attention Flow for Machine Comprehension},
  author={Min Joon Seo and Aniruddha Kembhavi and Ali Farhadi and Hannaneh Hajishirzi},
  journal=iclr,
  year={2017},
}
@article{yamada2018wikipedia2vec,
  title={Wikipedia2Vec: An Optimized Tool for Learning Embeddings of Words and Entities from Wikipedia},
  author={Yamada, Ikuya and Asai, Akari and Shindo, Hiroyuki and Takeda, Hideaki and Takefuji, Yoshiyasu},
  journal={arXiv preprint 1812.06280},
  year={2018}
}


% IR Cites
@article{intrinsic-diversity,
  author = {Raman, Karthik and Bennett, Paul N. and Collins-Thompson,Kevyn},
  title = {Understanding Intrinsic Diversity in Web Search: Improving Whole-Session Relevance},
  booktitle = {ACM Transactions on Information Systems (TOIS)},
  year = {2014},
  month = {October},
  publisher = {ACM},
  address = {},
  pages = {},
  journal = {ACM Transactions on Information Systems},
  volume = {32},
  chapter = {3},
  isbn = {},
}
@inproceedings{Lin2009IdentifyingIA,
  title={Identifying interesting assertions from the web},
  author={Thomas Lin and Oren Etzioni and James Fogarty},
  booktitle={CIKM},
  year={2009}
}
@inproceedings{Chhibber2018HumanPO,
  title={Human Perception of Surprise: A User Study},
  author={Nalin Chhibber and Rohail Syed and Mengqiu Teng and Joslin Goh and Kevyn Collins-Thompson and Edith Law},
  year={2018}
}
@article{Bordes2016LearningEG,
  title={Learning End-to-End Goal-Oriented Dialog},
  author={Antoine Bordes and Jason Weston},
  journal={CoRR},
  year={2016},
  volume={abs/1605.07683}
}
@article{Law2017AWS,
  title={A Wizard-of-Oz study of curiosity in human-robot interaction},
  author={Edith Law and Vicky Cai and Qi Feng Liu and Sajin Sasy and Joslin Goh and Alex Blidaru and Dana Kulic},
  journal={2017 26th IEEE International Symposium on Robot and Human Interactive Communication (RO-MAN)},
  year={2017},
  pages={607-614}
}
@article{Parzuchowski2008WellSM,
  title={Well, slap my thigh: expression of surprise facilitates memory of surprising material.},
  author={Michal Parzuchowski and Aleksandra Szymkow-Sudziarska},
  journal={Emotion},
  year={2008},
  volume={8 3},
  pages={430-4}
}
@article{Li2016AUS,
  title={A User Simulator for Task-Completion Dialogues},
  author={Xiujun Li and Zachary C. Lipton and Bhuwan Dhingra and Lihong Li and Jianfeng Gao and Yun-Nung Chen},
  journal={CoRR},
  year={2016},
  volume={abs/1612.05688}
}
@inproceedings{Tsurel2017FunFA,
  title={Fun Facts: Automatic Trivia Fact Extraction from Wikipedia},
  author={David Tsurel and Dan Pelleg and Ido Guy and Dafna Shahaf},
  booktitle={WSDM},
  year={2017}
}
@inproceedings{Dhingra2017TowardsER,
  title={Towards End-to-End Reinforcement Learning of Dialogue Agents for Information Access},
  author={Bhuwan Dhingra and Lihong Li and Xiujun Li and Jianfeng Gao and Yun-Nung Chen and Faisal Ahmed and Li Deng},
  booktitle={ACL},
  year={2017}
}

@inproceedings{Qiu2017AliMeCA,
  title={AliMe Chat: A Sequence to Sequence and Rerank based Chatbot Engine},
  author={Minghui Qiu and Feng-Lin Li and Siyu Wang and Xing Gao and Yan Chen and Weipeng Zhao and Haiqing Chen and Jun Huang and Wei Chu},
  booktitle={ACL},
  year={2017}
}
@inproceedings{Cote2018TextWorldAL,
  title={TextWorld: A Learning Environment for Text-based Games},
  author={Marc-Alexandre Cot'e and 'Akos K'ad'ar and Xingdi Yuan and Ben A. Kybartas and Tavian Barnes and Emery Fine and J. Moore and Matthew J. Hausknecht and Layla El Asri and Mahmoud Adada and Wendy W Tay and Adam Trischler},
  year={2018}
}
@inproceedings{Yang2018ResponseRW,
  title={Response Ranking with Deep Matching Networks and External Knowledge in Information-seeking Conversation Systems},
  author={Liu Yang and Minghui Qiu and Chen Qu and Jiafeng Guo and Yongfeng Zhang and W. Bruce Croft and Jun Huang and Haiqing Chen},
  booktitle={SIGIR},
  year={2018}
}
@article{Jansen2007DefiningAS,
  title={Defining a session on Web search engines},
  author={Bernard Jim Jansen and Amanda Spink and Chris Blakely and Sherry Koshman},
  journal={JASIST},
  year={2007},
  volume={58},
  pages={862-871}
}
@inproceedings{hoffart-etal-2011-robust,
  title = {Robust Disambiguation of Named Entities in Text},
  author = {Hoffart, Johannes  and
      Yosef, Mohamed Amir  and
      Bordino, Ilaria  and
      F{\"u}rstenau, Hagen  and
      Pinkal, Manfred  and
      Spaniol, Marc  and
      Taneva, Bilyana  and
      Thater, Stefan  and
      Weikum, Gerhard},
  booktitle = acl,
  year = {2011},
}

@article{Sang2003IntroductionTT,
  title={Introduction to the {CoNLL}-2003 Shared Task: Language-Independent Named Entity Recognition},
  author={Erik F. Tjong Kim Sang and Fien De Meulder},
  booktitle=naacl,
  year={2003},
}

@inproceedings{Zhao:Xiong:Qian:Boyd-Graber-2020,
  Title = {Complex Factoid Question Answering with a Free-Text Knowledge Graph},
  Author = {Chen Zhao and Chenyan Xiong and Xin Qian and Jordan Boyd-Graber},
  Booktitle = www,
  Year = {2020},
  Location = {Taipei, Taiwan},
}
@inproceedings{Cheng2013RelationalIF,
  title={Relational Inference for Wikification},
  author={Xiao Cheng and Dan Roth},
  booktitle=emnlp,
  year={2013}
}

@inproceedings{Roth2014WikificationAB,
  title={Wikification and Beyond: The Challenges of Entity and Concept Grounding},
  author={Dan Roth and Heng Ji and Ming-Wei Chang and Taylor Cassidy},
  booktitle=acl,
  year={2014}
}
@inproceedings{Ferragina2010TAGMEOA,
  title={TAGME: on-the-fly annotation of short text fragments (by wikipedia entities)},
  author={Paolo Ferragina and Ugo Scaiella},
  booktitle=cikm,
  year={2010}
}
@inproceedings{Kolitsas2018EndtoEndNE,
  title={End-to-End Neural Entity Linking},
  author={Nikolaos Kolitsas and Octavian-Eugen Ganea and Thomas Hofmann},
  booktitle=conll,
  year={2018}
}

@inproceedings{Gupta2017EntityLV,
  title={Entity Linking via Joint Encoding of Types, Descriptions, and Context},
  author={Nitish Gupta and Sameer Singh and Dan Roth},
  booktitle=emnlp,
  year={2017}
}
@inproceedings{dinan2019wizard,
  author={Emily Dinan and Stephen Roller and Kurt Shuster and Angela Fan and Michael Auli and Jason Weston},
  title={{W}izard of {W}ikipedia: Knowledge-powered Conversational Agents},
  booktitle = iclr,
  year={2019},
}
@inproceedings{Gopal2019topical,
  title={Topical-Chat: Towards Knowledge-Grounded Open-Domain Conversations},
  author={Karthik Gopalakrishnan and Behnam Hedayatnia and Qinlang Chen and Anna Gottardi and Sanjeev Kwatra and Anu Venkatesh and Raefer Gabriel and Dilek Hakkani-Tür},
  booktitle=interspeech,
  year={2019}
}

@inproceedings{ChoiQuAC2018,
  Author = {Eunsol Choi and He He and Mohit Iyyer and Mark Yatskar and Wen-tau Yih and Yejin Choi and Percy Liang and Luke Zettlemoyer},
  Booktitle = emnlp,
  Year = "2018",
  Title = {QuAC: Question Answering in Context}
}
@inproceedings{Radlinski2017ATF,
  title={A Theoretical Framework for Conversational Search},
  author={Filip Radlinski and Nick Craswell},
  booktitle=chiir,
  year={2017}
}
@book{ed-psych,
  Editor = {Kelvin Seifert},
  Author = {Kelvin Seifert and Rosemary Sutton},
  Title = {Educational Psychology},
  Publisher = {University of Georgia: Global Textbook Project},
  Year = {2009},
  Pages = {33--37},
  Url = {https://resources.saylor.org/wwwresources/archived/site/wp-content/uploads/2011/04/Educational-Psychology.pdf},
}
@article{Dodge2019ShowYW,
  title={Show Your Work: Improved Reporting of Experimental Results},
  author={Jesse Dodge and Suchin Gururangan and Dallas Card and Roy Schwartz and Noah A. Smith},
  journal=emnlp,
  year={2019},
}
@book{kripp2004,
  title = {Content Analysis: an Introduction to its Methodology},
  author = {Klaus Krippendorff},
  publisher = {Sage: Thousand Oaks, CA},
  year = {2004},
  note = {Chapter 11},
}
@inproceedings{Li2008LearningTR,
  title={Learning to Rank Using Classification and Gradient Boosting},
  author={Ping Li and Christopher J. C. Burges and Qiang Wu},
  booktitle=nips,
  year={2008}
}
@inproceedings{tanaka-etal-2019-dialogue,
  title = {Dialogue-Act Prediction of Future Responses Based on Conversation History},
  author = {Tanaka, Koji  and Takayama, Junya  and Arase, Yuki},
  booktitle = acl,
  year = {2019}
}
@inproceedings{Lian2019LearningTS,
  title={Learning to Select Knowledge for Response Generation in Dialog Systems},
  author={Rongzhong Lian and Min Xie and Fan Wang and Jinhua Peng and Hua Wu},
  booktitle=ijcai,
  year={2019}
}
@inproceedings{Reithinger1996PredictingDA,
  title={Predicting dialogue acts for a speech-to-speech translation system},
  author={Norbert Reithinger and Ralf Engel and Michael Kipp and Martin Klesen},
  year={1996},
  booktitle=icslp
}
@inproceedings{kalchbrenner-blunsom-2013-recurrent,
  title = {Recurrent Convolutional Neural Networks for Discourse Compositionality},
  author = {Kalchbrenner, Nal and Blunsom, Phil},
  booktitle = {Proceedings of the Workshop on Continuous Vector Space Models and their Compositionality},
  year = {2013},
}
@inproceedings{khanpour-etal-2016-dialogue,
  title = {Dialogue Act Classification in Domain-Independent Conversations Using a Deep Recurrent Neural Network},
  author = {Khanpour, Hamed  and Guntakandla, Nishitha  and Nielsen, Rodney},
  booktitle = coling,
  year = {2016},
}
@inbook{rajaraman_ullman_2011,
  place={Cambridge},
  title={Data Mining},
  DOI={10.1017/CBO9781139058452.002},
  booktitle={Mining of Massive Datasets},
  publisher={Cambridge University Press},
  author={Rajaraman, Anand and Ullman, Jeffrey David},
  year={2011},
  pages={1–17}
}
@article{Japkowicz2002TheCI,
  title={The class imbalance problem: A systematic study},
  author={Nathalie Japkowicz and Shaju Stephen},
  journal={Intelligent Data Analysis},
  year={2002},
  volume={6},
  pages={429-449},
}
@inproceedings{Zhou2018CommonsenseKA,
  title={Commonsense Knowledge Aware Conversation Generation with Graph Attention},
  author={Hao Zhou and Tom Young and Minlie Huang and Haizhou Zhao and Jingfang Xu and Xiaoyan Zhu},
  booktitle=ijcai,
  year={2018}
}
@inproceedings{moon-etal-2019-opendialkg,
title = "{O}pen{D}ial{KG}: Explainable Conversational Reasoning with Attention-based Walks over Knowledge Graphs",
author = "Moon, Seungwhan  and
Shah, Pararth  and
Kumar, Anuj  and
Subba, Rajen",
booktitle = acl,
year = "2019",
}

@ARTICLE{Guu2020-re,
title         = "{REALM}: {Retrieval-Augmented} Language Model {Pre-Training}",
author        = "Guu, Kelvin and Lee, Kenton and Tung, Zora and Pasupat,
Panupong and Chang, Ming-Wei",
month         =  feb,
year          =  2020,
archivePrefix = "arXiv",
primaryClass  = "cs.CL",
eprint        = "2002.08909"
}

@inproceedings{Thorne2018FEVERAL,
  title={FEVER: a Large-scale Dataset for Fact Extraction and VERification},
  author={James Thorne and Andreas Vlachos and Christos Christodoulopoulos and Arpit Mittal},
  booktitle=naacl,
  year={2018}
}

@article{Hanselowski2018UKPAtheneMT,
  title={UKP-Athene: Multi-Sentence Textual Entailment for Claim Verification},
  author={Andreas Hanselowski and Hao Zhang and Zile Li and Daniil Sorokin and Benjamin Schiller and Claudia Schulz and Iryna Gurevych},
  journal={ArXiv},
  year={2018},
  volume={abs/1809.01479}
}

@article{Soleimani2019BERTFE,
  title={BERT for Evidence Retrieval and Claim Verification},
  author={Amir Soleimani and Christof Monz and Marcel Worring},
  journal={ArXiv},
  year={2019},
  volume={abs/1910.02655}
}

@inproceedings{Reimers2019SentenceBERTSE,
  title={Sentence-BERT: Sentence Embeddings using Siamese BERT-Networks},
  author={Nils Reimers and Iryna Gurevych},
  booktitle=emnlp,
  year={2019}
}

@inproceedings{Yin2018TwoWingOSAT,
  title={TwoWingOS: A Two-Wing Optimization Strategy for Evidential Claim Verification},
  author={Wenpeng Yin and Dan Roth},
  booktitle=emnlp,
  year={2018}
}

@article{Thorne2019AdversarialAA,
  title={Adversarial attacks against Fact Extraction and VERification},
  author={James Thorne and Andreas Vlachos},
  journal={ArXiv},
  year={2019},
  volume={abs/1903.05543}
}

@inproceedings{Thorne2019EvaluatingAA,
  title={Evaluating adversarial attacks against multiple fact verification systems},
  author={James H. Thorne and Andreas Vlachos and Christos Christodoulopoulos and Arpit Mittal},
  booktitle=emnlp,
  year={2019}
}

@inproceedings{Nadeem2019FAKTAAA,
  title={FAKTA: An Automatic End-to-End Fact Checking System},
  author={Moin Nadeem and Wei Fang and Brian Xu and Mitra Mohtarami and James R. Glass},
  booktitle=naacl,
  year={2019}
}

@inproceedings{Nie2018CombiningFE,
  title={Combining Fact Extraction and Verification with Neural Semantic Matching Networks},
  author={Yixin Nie and Haonan Chen and Mohit Bansal},
  booktitle=aaai,
  year={2018}
}

@inproceedings{Nie2019RevealingTI,
  title={Revealing the Importance of Semantic Retrieval for Machine Reading at Scale},
  author={Yixin Nie and Songhe Wang and Mohit Bansal},
  booktitle=emnlp,
  year={2019}
}

@inproceedings{Suntwal2019OnTI,
  title={On the Importance of Delexicalization for Fact Verification},
  author={Sandeep Suntwal and Mithun Paul and Rebecca Sharp and Mihai Surdeanu},
  booktitle=emnlp,
  year={2019}
}

@inproceedings{Thorne2018AutomatedFC,
  title={Automated Fact Checking: Task formulations, methods and future directions},
  author={James Thorne and Andreas Vlachos},
  booktitle=coling,
  year={2018}
}

@inproceedings{Schuster2019TowardsDF,
  title={Towards Debiasing Fact Verification Models},
  author={Tal Schuster and Darsh J. Shah and Yun Jie Serene Yeo and Daniel Filizzola and Enrico Santus and Regina Barzilay},
  booktitle=emnlp,
  year={2019}
}
@Article{mitra2018an,
  author = {Mitra, Bhaskar and Craswell, Nick},
  title = {An Introduction to Neural Information Retrieval},
  year = {2018},
  month = {December},
  pages = {1-126},
  journal = {Foundations and Trends® in Information Retrieval},
  volume = {13},
  number = {1},
}

@ARTICLE{Karpukhin2020-kd,
  title         = "Dense Passage Retrieval for {Open-Domain} Question Answering",
  author        = "Karpukhin, Vladimir and O{\u g}uz, Barlas and Min, Sewon and
  Wu, Ledell and Edunov, Sergey and Chen, Danqi and Yih,
  Wen-Tau",
  month         =  apr,
  year          =  2020,
  archivePrefix = "arXiv",
  primaryClass  = "cs.CL",
  eprint        = "2004.04906"
}


@ARTICLE{Kwiatkowski2019-fp,
  title     = "Natural Questions: A Benchmark for Question Answering Research",
  author    = "Kwiatkowski, Tom and Palomaki, Jennimaria and Redfield, Olivia
  and Collins, Michael and Parikh, Ankur and Alberti, Chris and
  Epstein, Danielle and Polosukhin, Illia and Devlin, Jacob and
  Lee, Kenton and Toutanova, Kristina and Jones, Llion and Kelcey,
  Matthew and Chang, Ming-Wei and Dai, Andrew M and Uszkoreit,
  Jakob and Le, Quoc and Petrov, Slav",
  journal   = tacl,
  volume    =  7,
  pages     = "453--466",
  month     =  nov,
  year      =  2019
}


@ARTICLE{Reddy2019-ni,
title     = "{CoQA}: A Conversational Question Answering Challenge",
author    = "Reddy, Siva and Chen, Danqi and Manning, Christopher D",
journal   = "Transactions of the Association for Computational Linguistics",
publisher = "MIT Press",
volume    =  7,
pages     = "249--266",
month     =  nov,
year      =  2019
}

@INPROCEEDINGS{Kwok2001-sm,
title           = "Scaling question answering to the Web",
booktitle       = "Proceedings of the tenth international conference on World
Wide Web - {WWW} '01",
author          = "Kwok, Cody C T and Etzioni, Oren and Weld, Daniel S",
publisher       = "ACM Press",
pages           = "150--161",
year            =  2001,
address         = "New York, New York, USA",
conference      = "the tenth international conference",
location        = "Hong Kong, Hong Kong"
}


@UNPUBLISHED{Weizenbaum1966-cf,
title  = "{ELIZA---a} computer program for the study of natural language
communication between man and machine",
author = "Weizenbaum, Joseph",
month  =  jan,
year   =  1966
}

@inproceedings{Dodge2015-ry,
  title    = "Evaluating Prerequisite Qualities for Learning {End-to-End} Dialog Systems",
  author   = "Dodge, Jesse and Gane, Andreea and Zhang, Xiang and Bordes,
  Antoine and Chopra, Sumit and Miller, Alexander H and Szlam,
  Arthur and Weston, Jason",
  booktitle  = iclr,
  year     =  2015
}

@INPROCEEDINGS{Parthasarathi2018-kk,
  title           = "Extending Neural Generative Conversational Model using
  External Knowledge Sources",
  booktitle       = emnlp,
  author          = "Parthasarathi, Prasanna and Pineau, Joelle",
  year            =  2018,
}
