@inproceedings{schubert2002can,
  title={Can we derive general world knowledge from texts?},
  author={Schubert, Lenhart},
  booktitle={Proceedings of the second international conference on Human Language Technology Research},
  pages={94--97},
  year={2002},
  organization={Morgan Kaufmann Publishers Inc.}
}

@inproceedings{vanderwende2005volunteers,
  title={Volunteers Created the Web.},
  author={Vanderwende, Lucy},
  booktitle={AAAI Spring Symposium: Knowledge Collection from Volunteer Contributors},
  pages={84--90},
  year={2005}
}

@inproceedings{hoffman1999,
author = {Hofmann, Thomas},
title = {Probabilistic Latent Semantic Analysis},
year = {1999},
isbn = {1558606149},
publisher = {Morgan Kaufmann Publishers Inc.},
address = {San Francisco, CA, USA},
booktitle = {Proceedings of the Fifteenth Conference on Uncertainty in Artificial Intelligence},
pages = {289?296},
numpages = {8},
location = {Stockholm, Sweden},
series = {UAI'99}
}

@inproceedings{van2008open,
  title={Open knowledge extraction through compositional language processing},
  author={Van Durme, Benjamin and Schubert, Lenhart},
  booktitle={Proceedings of the 2008 Conference on Semantics in Text Processing},
  pages={239--254},
  year={2008},
  organization={Association for Computational Linguistics}
}

@article{van2010extracting,
  title={Extracting implicit knowledge from text},
  author={Van Durme, Benjamin},
  year={2010}
}

@inproceedings{sorower2011inverting,
  title={Inverting Grice's maxims to learn rules from natural language extractions},
  author={Sorower, Mohammad S and Doppa, Janardhan R and Orr, Walker and Tadepalli, Prasad and Dietterich, Thomas G and Fern, Xiaoli Z},
  booktitle={Advances in neural information processing systems},
  pages={1053--1061},
  year={2011}
}

@inproceedings{gordon2013reporting,
  title={Reporting bias and knowledge acquisition},
  author={Gordon, Jonathan and Van Durme, Benjamin},
  booktitle={Proceedings of the 2013 workshop on Automated knowledge base construction},
  pages={25--30},
  year={2013},
  organization={ACM}
}

@inproceedings{misra2016seeing,
  title={Seeing through the human reporting bias: Visual classifiers from noisy human-centric labels},
  author={Misra, Ishan and Lawrence Zitnick, C and Mitchell, Margaret and Girshick, Ross},
  booktitle={Proceedings of the IEEE Conference on Computer Vision and Pattern Recognition},
  pages={2930--2939},
  year={2016}
}

@article{zhang2017ordinal,
  title={Ordinal common-sense inference},
  author={Zhang, Sheng and Rudinger, Rachel and Duh, Kevin and Van Durme, Benjamin},
  journal={Transactions of the Association for Computational Linguistics},
  volume={5},
  pages={379--395},
  year={2017},
  publisher={MIT Press}
}

@article{storks2019commonsense,
  title={Commonsense Reasoning for Natural Language Understanding: A Survey of Benchmarks, Resources, and Approaches},
  author={Storks, Shane and Gao, Qiaozi and Chai, Joyce Y},
  journal={arXiv preprint arXiv:1904.01172},
  year={2019}
}

@inproceedings{narisawa2013204,
  title={Is a 204 cm man tall or small? acquisition of numerical common sense from the web},
  author={Narisawa, Katsuma and Watanabe, Yotaro and Mizuno, Junta and Okazaki, Naoaki and Inui, Kentaro},
  booktitle={Proceedings of the 51st Annual Meeting of the Association for Computational Linguistics (Volume 1: Long Papers)},
  volume={1},
  pages={382--391},
  year={2013}
}

@inproceedings{tandon2014acquiring,
  title={Acquiring comparative commonsense knowledge from the web},
  author={Tandon, Niket and De Melo, Gerard and Weikum, Gerhard},
  booktitle={Twenty-Eighth AAAI Conference on Artificial Intelligence},
  year={2014}
}

@inproceedings{takamura2015estimating,
  title={Estimating numerical attributes by bringing together fragmentary clues},
  author={Takamura, Hiroya and Tsujii, Jun'ichi},
  booktitle={Proceedings of the 2015 Conference of the North American Chapter of the Association for Computational Linguistics: Human Language Technologies},
  pages={1305--1310},
  year={2015}
}

@article{sap2018atomic,
  title={ATOMIC: An Atlas of Machine Commonsense for If-Then Reasoning},
  author={Sap, Maarten and LeBras, Ronan and Allaway, Emily and Bhagavatula, Chandra and Lourie, Nicholas and Rashkin, Hannah and Roof, Brendan and Smith, Noah A and Choi, Yejin},
  journal={arXiv preprint arXiv:1811.00146},
  year={2018}
}

@article{zellers2018swag,
  title={Swag: A large-scale adversarial dataset for grounded commonsense inference},
  author={Zellers, Rowan and Bisk, Yonatan and Schwartz, Roy and Choi, Yejin},
  journal={arXiv preprint arXiv:1808.05326},
  year={2018}
}

@article{zellers2018recognition,
  title={From Recognition to Cognition: Visual Commonsense Reasoning},
  author={Zellers, Rowan and Bisk, Yonatan and Farhadi, Ali and Choi, Yejin},
  journal={arXiv preprint arXiv:1811.10830},
  year={2018}
}

@inproceedings{mottaghi2016happens,
  title={“What happens if...” Learning to Predict the Effect of Forces in Images},
  author={Mottaghi, Roozbeh and Rastegari, Mohammad and Gupta, Abhinav and Farhadi, Ali},
  booktitle={European Conference on Computer Vision},
  pages={269--285},
  year={2016},
  organization={Springer}
}

@inproceedings{ye2018interpretable,
  title={Interpretable intuitive physics model},
  author={Ye, Tian and Wang, Xiaolong and Davidson, James and Gupta, Abhinav},
  booktitle={Proceedings of the European Conference on Computer Vision (ECCV)},
  pages={87--102},
  year={2018}
}

@inproceedings{bagherinezhad2016elephants,
  title={Are elephants bigger than butterflies? reasoning about sizes of objects},
  author={Bagherinezhad, Hessam and Hajishirzi, Hannaneh and Choi, Yejin and Farhadi, Ali},
  booktitle={Thirtieth AAAI Conference on Artificial Intelligence},
  year={2016}
}

@inproceedings{forbes2017verb,
  title={Verb Physics: Relative Physical Knowledge of Actions and Objects},
  author={Forbes, Maxwell and Choi, Yejin},
  booktitle={Proceedings of the 55th Annual Meeting of the Association for Computational Linguistics (Volume 1: Long Papers)},
  pages={266--276},
  year={2017}
}

@inproceedings{yang2018extracting,
  title={Extracting Commonsense Properties from Embeddings with Limited Human Guidance},
  author={Yang, Yiben and Birnbaum, Larry and Wang, Ji-Ping and Downey, Doug},
  booktitle={Proceedings of the 56th Annual Meeting of the Association for Computational Linguistics (Volume 2: Short Papers)},
  pages={644--649},
  year={2018}
}

@article{mikolov2013efficient,
  title={Efficient estimation of word representations in vector space},
  author={Mikolov, Tomas and Chen, Kai and Corrado, Greg and Dean, Jeffrey},
  journal={arXiv preprint arXiv:1301.3781},
  year={2013}
}

@inproceedings{pennington2014glove,
  title={Glove: Global vectors for word representation},
  author={Pennington, Jeffrey and Socher, Richard and Manning, Christopher},
  booktitle={Proceedings of the 2014 conference on empirical methods in natural language processing (EMNLP)},
  pages={1532--1543},
  year={2014}
}

@inproceedings{mccann2017learned,
  title={Learned in translation: Contextualized word vectors},
  author={McCann, Bryan and Bradbury, James and Xiong, Caiming and Socher, Richard},
  booktitle={Advances in Neural Information Processing Systems},
  pages={6294--6305},
  year={2017}
}

@inproceedings{peters2018deep,
  title={Deep Contextualized Word Representations},
  author={Peters, Matthew and Neumann, Mark and Iyyer, Mohit and Gardner, Matt and Clark, Christopher and Lee, Kenton and Zettlemoyer, Luke},
  booktitle={Proceedings of the 2018 Conference of the North American Chapter of the Association for Computational Linguistics: Human Language Technologies, Volume 1 (Long Papers)},
  pages={2227--2237},
  year={2018}
}

@article{howard2018universal,
  title={Universal language model fine-tuning for text classification},
  author={Howard, Jeremy and Ruder, Sebastian},
  journal={arXiv preprint arXiv:1801.06146},
  year={2018}
}

@article{devlin2018bert,
  title={BERT: Pre-training of Deep Bidirectional Transformers for Language Understanding},
  author={Devlin, Jacob and Chang, Ming-Wei and Lee, Kenton and Toutanova, Kristina},
  journal={arXiv preprint arXiv:1810.04805},
  year={2018}
}

@article{radford2018improving,
  title={Improving language understanding by generative pre-training},
  author={Radford, Alec and Narasimhan, Karthik and Salimans, Tim and Sutskever, Ilya},
  year={2018}
}

@inproceedings{tandon2016commonsense,
  title={Commonsense in parts: Mining part-whole relations from the web and image tags},
  author={Tandon, Niket and Hariman, Charles and Urbani, Jacopo and Rohrbach, Anna and Rohrbach, Marcus and Weikum, Gerhard},
  booktitle={Thirtieth AAAI Conference on Artificial Intelligence},
  year={2016}
}

@inproceedings{rubinstein2015well,
  title={How well do distributional models capture different types of semantic knowledge?},
  author={Rubinstein, Dana and Levi, Effi and Schwartz, Roy and Rappoport, Ari},
  booktitle={Proceedings of the 53rd Annual Meeting of the Association for Computational Linguistics and the 7th International Joint Conference on Natural Language Processing (Volume 2: Short Papers)},
  volume={2},
  pages={726--730},
  year={2015}
}

@inproceedings{niu2017discovering,
  title={Discovering stylistic variations in distributional vector space models via lexical paraphrases},
  author={Niu, Xing and Carpuat, Marine},
  booktitle={Proceedings of the Workshop on Stylistic Variation},
  pages={20--27},
  year={2017}
}

@InProceedings{liu2019linguistic,
  author    = {Liu, Nelson F.  and  Gardner, Matt  and  Belinkov, Yonatan  and  Peters, Matthew E.  and  Smith, Noah A.},
  title     = {Linguistic Knowledge and Transferability of Contextual Representations},
  booktitle = {Proceedings of the Conference of the North American Chapter of the Association for Computational Linguistics: Human Language Technologies},
  year      = {2019}
}

@inproceedings{hearst1992automatic,
  title={Automatic acquisition of hyponyms from large text corpora},
  author={Hearst, Marti A},
  booktitle={Proceedings of the 14th conference on Computational linguistics-Volume 2},
  pages={539--545},
  year={1992},
  organization={Association for Computational Linguistics}
}

@InProceedings{mikolov-13,
  title        = {Distributed representations of words and phrases and their
          compositionality},
  author    = {Mikolov, Tomas and Sutskever, Ilya and Chen, Kai and
          Corrado, Greg S and Dean, Jeff},
  booktitle    = {Advances in Neural Information Processing Systems},
  pages        = {3111--3119},
  year        = {2013}
}

@inproceedings{tenney2018iclr,
  title = {What do you learn from context? Probing for sentence structure in contextualized word representations},
  author = {Tenney, Ian and Xia, Patrick and Chen, Berlin and Wang, Alex and Poliak, Adam and McCoy, R Thomas and Kim, Najoung and {Van Durme}, Benjamin and Bowman, Sam and Das, Dipanjan and Pavlick, Ellie},
  booktitle = {International Conference on Learning Representations},
  year = {2019},
  url = {https://openreview.net/forum?id=SJzSgnRcKX},
  numpages = {14}
}

@article{alt2018improving,
  title={Improving Relation Extraction by Pre-trained Language Representations},
  author={Alt, Christoph and H{\"u}bner, Marc and Hennig, Leonhard},
  year={2018}
}

@inproceedings{baroni2012entailment,
  title={Entailment above the word level in distributional semantics},
  author={Baroni, Marco and Bernardi, Raffaella and Do, Ngoc-Quynh and Shan, Chung-chieh},
  booktitle={Proceedings of the 13th Conference of the European Chapter of the Association for Computational Linguistics},
  pages={23--32},
  year={2012},
  organization={Association for Computational Linguistics}
}

@article{hakami2018learning,
  title={Learning Relation Representations from Word Representations},
  author={Hakami, Huda and Bollegala, Danushka},
  year={2018}
}

@inproceedings{vyas2017detecting,
  title={Detecting asymmetric semantic relations in context: A case-study on hypernymy detection},
  author={Vyas, Yogarshi and Carpuat, Marine},
  booktitle={Proceedings of the 6th Joint Conference on Lexical and Computational Semantics (* SEM 2017)},
  pages={33--43},
  year={2017}
}

@inproceedings{krebs2016capturing,
  title={Capturing discriminative attributes in a distributional space: Task proposal},
  author={Krebs, Alicia and Paperno, Denis},
  booktitle={Proceedings of the 1st Workshop on Evaluating Vector-Space Representations for NLP},
  pages={51--54},
  year={2016}
}

@inproceedings{levy2015supervised,
  title={Do supervised distributional methods really learn lexical inference relations?},
  author={Levy, Omer and Remus, Steffen and Biemann, Chris and Dagan, Ido},
  booktitle={Proceedings of the 2015 Conference of the North American Chapter of the Association for Computational Linguistics: Human Language Technologies},
  pages={970--976},
  year={2015}
}

@inproceedings{fu2014learning,
  title={Learning semantic hierarchies via word embeddings},
  author={Fu, Ruiji and Guo, Jiang and Qin, Bing and Che, Wanxiang and Wang, Haifeng and Liu, Ting},
  booktitle={Proceedings of the 52nd Annual Meeting of the Association for Computational Linguistics (Volume 1: Long Papers)},
  volume={1},
  pages={1199--1209},
  year={2014}
}

@inproceedings{roller2014inclusive,
  title={Inclusive yet selective: Supervised distributional hypernymy detection},
  author={Roller, Stephen and Erk, Katrin and Boleda, Gemma},
  booktitle={Proceedings of COLING 2014, the 25th International Conference on Computational Linguistics: Technical Papers},
  pages={1025--1036},
  year={2014}
}

@inproceedings{levesque2012winograd,
  title={The winograd schema challenge},
  author={Levesque, Hector and Davis, Ernest and Morgenstern, Leora},
  booktitle={Thirteenth International Conference on the Principles of Knowledge Representation and Reasoning},
  year={2012}
}

@article{goldberg2019assessing,
  title={Assessing BERT's Syntactic Abilities},
  author={Goldberg, Yoav},
  journal={arXiv preprint arXiv:1901.05287},
  year={2019}
}

@inproceedings{gardner2018allennlp,
  title={AllenNLP: A Deep Semantic Natural Language Processing Platform},
  author={Gardner, Matt and Grus, Joel and Neumann, Mark and Tafjord, Oyvind and Dasigi, Pradeep and Liu, Nelson F and Peters, Matthew and Schmitz, Michael and Zettlemoyer, Luke},
  booktitle={Proceedings of Workshop for NLP Open Source Software (NLP-OSS)},
  pages={1--6},
  year={2018}
}

@article{hochreiter1997long,
  title={Long short-term memory},
  author={Hochreiter, Sepp and Schmidhuber, J{\"u}rgen},
  journal={Neural computation},
  year={1997},
}

@inproceedings{vaswani2017attention,
  title={Attention is all you need},
  author={Vaswani, Ashish and Shazeer, Noam and Parmar, Niki and Uszkoreit, Jakob and Jones, Llion and Gomez, Aidan N and Kaiser, {\L}ukasz and Polosukhin, Illia},
  booktitle={Advances in neural information processing systems},
  pages={5998--6008},
  year={2017}
}

@article{linzen2016assessing,
  title={Assessing the ability of LSTMs to learn syntax-sensitive dependencies},
  author={Linzen, Tal and Dupoux, Emmanuel and Goldberg, Yoav},
  journal={Transactions of the Association for Computational Linguistics},
  volume={4},
  pages={521--535},
  year={2016},
  publisher={MIT Press}
}

@inproceedings{peters2018dissecting,
  title={Dissecting Contextual Word Embeddings: Architecture and Representation},
  author={Peters, Matthew and Neumann, Mark and Zettlemoyer, Luke and Yih, Wen-tau},
  booktitle={Proceedings of the 2018 Conference on Empirical Methods in Natural Language Processing},
  pages={1499--1509},
  year={2018}
}

@article{adi2016fine,
  title={Fine-grained analysis of sentence embeddings using auxiliary prediction tasks},
  author={Adi, Yossi and Kermany, Einat and Belinkov, Yonatan and Lavi, Ofer and Goldberg, Yoav},
  journal={arXiv preprint arXiv:1608.04207},
  year={2016}
}

@inproceedings{conneau2018you,
  title={What you can cram into a single \$\&!\#* vector: Probing sentence embeddings for linguistic properties},
  author={Conneau, Alexis and Kruszewski, Germ{\'a}n and Lample, Guillaume and Barrault, Lo{\"\i}c and Baroni, Marco},
  booktitle={Proceedings of the 56th Annual Meeting of the Association for Computational Linguistics (Volume 1: Long Papers)},
  pages={2126--2136},
  year={2018}
}

@inproceedings{belinkov2017neural,
  title={What do Neural Machine Translation Models Learn about Morphology?},
  author={Belinkov, Yonatan and Durrani, Nadir and Dalvi, Fahim and Sajjad, Hassan and Glass, James},
  booktitle={Proceedings of the 55th Annual Meeting of the Association for Computational Linguistics (Volume 1: Long Papers)},
  pages={861--872},
  year={2017}
}

@article{morstatter2018search,
  title={In search of coherence and consensus: Measuring the interpretability of statistical topics},
  author={Morstatter, Fred and Liu, Huan},
  journal={Journal of Machine Learning Research},
  volume={18},
  number={169},
  pages={1--32},
  year={2018}
}

@inproceedings{roder2015exploring,
  title={Exploring the space of topic coherence measures},
  author={R{\"o}der, Michael and Both, Andreas and Hinneburg, Alexander},
  booktitle={Proceedings of the eighth ACM international conference on Web search and data mining},
  pages={399--408},
  year={2015}
}

@inproceedings{mimno2011optimizing,
  title={Optimizing semantic coherence in topic models},
  author={Mimno, David and Wallach, Hanna and Talley, Edmund and Leenders, Miriam and McCallum, Andrew},
  booktitle={Proceedings of the 2011 conference on empirical methods in natural language processing},
  pages={262--272},
  year={2011}
}

@inproceedings{aletras2013evaluating,
  title={Evaluating topic coherence using distributional semantics},
  author={Aletras, Nikolaos and Stevenson, Mark},
  booktitle={Proceedings of the 10th International Conference on Computational Semantics (IWCS 2013)--Long Papers},
  pages={13--22},
  year={2013}
}

@inproceedings{chang2009reading,
  title={Reading tea leaves: How humans interpret topic models},
  author={Chang, Jonathan and Boyd-Graber, Jordan and Wang, Chong and Gerrish, Sean and Blei, David M},
  booktitle={Neural information processing systems},
  volume={22},
  pages={288--296},
  year={2009},
  organization={Citeseer}
}

@article{bengio2003neural,
  title={A neural probabilistic language model},
  author={Bengio, Yoshua and Ducharme, R{\'e}jean and Vincent, Pascal and Janvin, Christian},
  journal={The journal of machine learning research},
  volume={3},
  pages={1137--1155},
  year={2003},
  publisher={JMLR. org}
}

@inproceedings{NIPS2014_feab05aa,
 author = {Levy, Omer and Goldberg, Yoav},
 booktitle = {Advances in Neural Information Processing Systems},
 editor = {Z. Ghahramani and M. Welling and C. Cortes and N. Lawrence and K. Q. Weinberger},
 pages = {},
 publisher = {Curran Associates, Inc.},
 title = {Neural Word Embedding as Implicit Matrix Factorization},
 url = {https://proceedings.neurips.cc/paper/2014/file/feab05aa91085b7a8012516bc3533958-Paper.pdf},
 volume = {27},
 year = {2014}
}

@inproceedings{krasnashchok2018improving,
  title={Improving topic quality by promoting named entities in topic modeling},
  author={Krasnashchok, Katsiaryna and Jouili, Salim},
  booktitle={Proceedings of the 56th Annual Meeting of the Association for Computational Linguistics (Volume 2: Short Papers)},
  pages={247--253},
  year={2018}
}

@article{denny2018text,
  title={Text preprocessing for unsupervised learning: Why it matters, when it misleads, and what to do about it},
  author={Denny, Matthew J and Spirling, Arthur},
  journal={Political Analysis},
  volume={26},
  number={2},
  pages={168--189},
  year={2018},
  publisher={Cambridge University Press}
}

@inproceedings{papakyriakopoulos2020bias,
  title={Bias in word embeddings},
  author={Papakyriakopoulos, Orestis and Hegelich, Simon and Serrano, Juan Carlos Medina and Marco, Fabienne},
  booktitle={Proceedings of the 2020 Conference on Fairness, Accountability, and Transparency},
  pages={446--457},
  year={2020}
}

@inproceedings{KingmaB14,
  author    = {Diederik P. Kingma and
               Jimmy Ba},
  editor    = {Yoshua Bengio and
               Yann LeCun},
  title     = {Adam: {A} Method for Stochastic Optimization},
  booktitle = {3rd International Conference on Learning Representations, {ICLR} 2015,
               San Diego, CA, USA, May 7-9, 2015, Conference Track Proceedings},
  year      = {2015},
  url       = {http://arxiv.org/abs/1412.6980},
  timestamp = {Thu, 25 Jul 2019 14:25:37 +0200},
  biburl    = {https://dblp.org/rec/journals/corr/KingmaB14.bib},
  bibsource = {dblp computer science bibliography, https://dblp.org}
}

@inproceedings{bowman2016generating,
  title={Generating Sentences from a Continuous Space},
  author={Bowman, Samuel and Vilnis, Luke and Vinyals, Oriol and Dai, Andrew and Jozefowicz, Rafal and Bengio, Samy},
  booktitle={Proceedings of The 20th SIGNLL Conference on Computational Natural Language Learning},
  pages={10--21},
  year={2016}
}
