@inproceedings{Smith2017,
    title = {{A User-Centered Design Approach for Interactive Topic Modeling}},
    year = {2017},
    booktitle = {Preparation},
    author = {Smith, Alison and Boyd-Graber, Jordan and Findlater, Leah}
}

@article{Smith2016,
    title = {{Human-Centered and Interactive : Expanding the Impact of Topic Models}},
    year = {2016},
    journal = {ACM SIGCHI Workshop on Human-Centered Machine Learning},
    author = {Smith, Alison and Yeon Lee, Tak and Poursabzi-Sangdeh, Forough and Boyd-Graber, Jordan and Elmqvist, Niklas and Seppi, Kevin and Findlater, Leah},
    url = {http://hcml2016.goldsmithsdigital.com/program/}
}

@incollection{smith2015visual,
    title = {{Visual analysis of topical evolution in unstructured text: Design and evaluation of TopicFlow}},
    year = {2015},
    booktitle = {Applications of Social Media and Social Network Analysis},
    author = {Smith, Alison and Malik, Sana and Shneiderman, Ben},
    pages = {159--175},
    publisher = {Springer}
}

@article{Krizhevsky20121Networks,
    title = {{1 ImageNet Classification with Deep Convolutional Neural Networks}},
    year = {2012},
    journal = {Advances In Neural Information Processing Systems},
    author = {Krizhevsky, Alex and Sutskever, Ilya and Hinton, Geoffrey E},
    isbn = {9781627480031},
    doi = {http://dx.doi.org/10.1016/j.protcy.2014.09.007},
    issn = {10495258},
    pmid = {7491034},
    arxivId = {1102.0183}
}

@article{Hotho2005AMining,
    title = {{A brief survey of text mining}},
    year = {2005},
    journal = {LDV Forum - GLDV Journal for Computational Linguistics and Language Technology},
    author = {Hotho, Andreas and N{\"{u}}rnberger, Andreas and Paa{\ss}, Gerhard},
    pages = {19--62},
    volume = {20}
}

@article{Blei2007AScience,
    title = {{A correlated topic model of Science}},
    year = {2007},
    journal = {The Annals of Applied Statistics},
    author = {Blei, David M. and Lafferty, John D.},
    number = {1},
    pages = {17--35},
    volume = {1},
    url = {http://projecteuclid.org/euclid.aoas/1183143727},
    isbn = {1595933832},
    doi = {10.1214/07-AOAS114},
    issn = {1932-6157},
    pmid = {9013932},
    arxivId = {0712.1486}
}

@article{Titov2008ASummarization,
    title = {{A joint model of text and aspect ratings for sentiment summarization}},
    year = {2008},
    journal = {ACL},
    author = {Titov, Ivan and McDonald, Ryan},
    pages = {308--316},
    volume = {8}
}

@article{Hospedales2009AVideo,
    title = {{A Markov clustering topic model for mining behaviour in video}},
    year = {2009},
    journal = {IEEE 12th International Conference on Computer Vision},
    author = {Hospedales, Timothy and Gong, Shaogang and Xiang, Tao},
    pages = {1165--1172},
    isbn = {978-1-4244-4420-5},
    doi = {10.1109/ICCV.2009.5459342},
    issn = {1550-5499},
    pmid = {1000198717}
}

@inproceedings{Fiebrink2009ALearning,
    title = {{A metainstrument for interactive, on-the-fly machine learning}},
    year = {2009},
    booktitle = {Proceedings of New Interfaces for Musical Expression (NIME)},
    author = {Fiebrink, Rebecca and Trueman, Dan and Cook, Perry R},
    pages = {3},
    volume = {2}
}

@article{Sauro2005AScore,
    title = {{A method to standardize usability metrics into a single score}},
    year = {2005},
    journal = {Proceedings of the SIGCHI conference on Human factors in computing systems (CHI '05)},
    author = {Sauro, Jeff and Kindlund, Erika},
    pages = {401–409},
    url = {http://portal.acm.org/citation.cfm?id=1054972.1055028},
    isbn = {1581139985},
    doi = {10.1145/1054972.1055028},
    issn = {02749696},
    keywords = {measurement, principal components analysis, six sigma, standardization, usability}
}

@article{Arora2012AGuarantees,
    title = {{A Practical Algorithm for Topic Modeling with Provable Guarantees}},
    year = {2012},
    journal = {arXiv:1212.4777 [cs, stat]},
    author = {Arora, Sanjeev and Ge, Rong and Halpern, Yoni and Mimno, David and Moitra, Ankur and Sontag, David and Wu, Yichen and Zhu, Michael},
    month = {12},
    language = {en}
}

@article{Basu2004AClustering,
    title = {{A Probabilistic Framework for Semi-Supervised Clustering}},
    year = {2004},
    journal = {Proceedings ot the 10th ACM SIGKDD International Conference on Knowledge Discovery and Data Mining},
    author = {Basu, Sugato and Bilenko, Mikhail and Mooney, Raymond},
    number = {August},
    pages = {59--68},
    volume = {August},
    isbn = {1581138889},
    doi = {10.1145/1014052.1014062}
}

@misc{Lacave2002ANetworks,
    title = {{A review of explanation methods for Bayesian networks}},
    year = {2002},
    booktitle = {Knowledge Engineering Review},
    author = {Lacave, Carmen and D{\'{i}}ez, Francisco J.},
    number = {2},
    pages = {107--127},
    volume = {17},
    isbn = {0269-8889},
    doi = {10.1017/S026988890200019X},
    issn = {02698889}
}

@incollection{Aggarwal2012AAlgorithms,
    title = {{A Survey of Text Clustering Algorithms}},
    year = {2012},
    booktitle = {Mining Text Data},
    author = {Aggarwal, Charu C. and Zhai, ChengXiang},
    editor = {Aggarwal, Charu C. and Zhai, ChengXiang},
    pages = {77--128},
    publisher = {Springer US},
    isbn = {978-1-4614-3222-7},
    language = {en}
}

@article{Fu2013ALearning,
    title = {{A survey on instance selection for active learning}},
    year = {2013},
    journal = {Knowledge and Information Systems},
    author = {Fu, Yifan and Zhu, Xingquan and Li, Bin},
    number = {2},
    pages = {249--283},
    volume = {35},
    isbn = {0219-1377},
    doi = {10.1007/s10115-012-0507-8},
    issn = {02191377},
    keywords = {Active learning survey, Instance correlations, Instance selection, Uncertainty sampling}
}

@article{Boyd-Graber2007ADisambiguation,
    title = {{A Topic Model for Word Sense Disambiguation}},
    year = {2007},
    journal = {Proceedings of the 2007 Joint Conference on Empirical Methods in Natural Language Processing and Computational Natural Language Learning (EMNLP-CoNLL'07)},
    author = {Boyd-Graber, Jordan and Blei, David M. and Zhu, Xiaojin},
    pages = {1024--1033}
}

@article{Heer2010AZoo,
    title = {{A tour through the visualization zoo}},
    year = {2010},
    journal = {Communications of the ACM},
    author = {Heer, Jeffrey and Bostock, Michael and Ogievetsky, Vadim},
    number = {6},
    pages = {59},
    volume = {53},
    url = {http://portal.acm.org/citation.cfm?doid=1743546.1743567},
    isbn = {00010782},
    doi = {10.1145/1743546.1743567},
    issn = {00010782},
    pmid = {51189665}
}

@inproceedings{Smith2017AccountingSystems,
    title = {{Accounting for Input Uncertainty in Human-in-the-loop Systems}},
    year = {2017},
    booktitle = {Designing for Uncertainty Workshop at CHI 2017},
    author = {Smith, Alison and Kumar, Varun and Boyd-Graber, Jordan and Seppi, Kevin and Findlater, Leah}
}

@incollection{Kong2015ActionInteraction,
    title = {{Action recognition and human interaction}},
    year = {2015},
    booktitle = {Human Activity Recognition and Prediction},
    author = {Kong, Yu and Fu, Yun},
    isbn = {9783319270043},
    doi = {10.1007/978-3-319-27004-3{\_}2},
    arxivId = {1806.11230}
}

@article{Settles2010ActiveSurvey,
    title = {{Active Learning Literature Survey}},
    year = {2010},
    journal = {Machine Learning},
    author = {Settles, Burr},
    number = {2},
    pages = {201--221},
    volume = {15},
    isbn = {978-1-4673-8391-2},
    doi = {10.1.1.167.4245},
    issn = {00483931},
    pmid = {15003161},
    arxivId = {1206.5533}
}

@article{Raghavan2006ActiveInstances,
    title = {{Active learning with feedback on both features and instances}},
    year = {2006},
    journal = {Journal of Machine Learning Research},
    author = {Raghavan, Hema and Madani, Omid and Jones, Rosie},
    issn = {15337928},
    keywords = {Active learning, Feature selection, Relevance feedback, Term feedback, Text classification}
}

@article{Raghavan2006ActiveInstancesb,
    title = {{Active learning with feedback on features and instances}},
    year = {2006},
    journal = {Journal of Machine Learning Research},
    author = {Raghavan, Hema and Madani, O and Jones, Rosie},
    isbn = {1532-4435},
    doi = {10.1016/S0022-460X(70)80001-3},
    issn = {1532-4435},
    keywords = {active learning, feature selection, relevance feedback, term feedback, text classifica}
}

@inproceedings{Huang2017ActiveData,
    title = {{Active Learning with Visualization for Text Data}},
    year = {2017},
    booktitle = {Proceedings of the 2017 ACM Workshop on Exploratory Search and Interactive Data Analytics - ESIDA '17},
    author = {Huang, Lulu and Matwin, Stan and de Carvalho, Eder J. and Minghim, Rosane},
    isbn = {9781450349031},
    doi = {10.1145/3038462.3038469}
}

@article{Donahue2017AdversarialLearning,
    title = {{Adversarial Feature Learning}},
    year = {2017},
    journal = {Iclr},
    author = {Donahue, Jeff and Darrell, Trevor},
    isbn = {2334-2536},
    doi = {10.1038/nphoton.2013.187},
    issn = {2334-2536},
    pmid = {27377197},
    arxivId = {arXiv:1605.09782v4}
}

@inproceedings{Poursabzi-Sangdeh2016ALTO:Labeling,
    title = {{ALTO: Active Learning with Topic Overviews for Speeding Label Induction and Document Labeling}},
    year = {2016},
    booktitle = {Proceedings of the 54th Annual Meeting of the Association for Computational Linguistics},
    author = {Poursabzi-Sangdeh, Forough and Boyd-Graber, Jordan and Findlater, Leah and Seppi, Kevin},
    pages = {1158--1169},
    isbn = {9781510827585}
}

@article{Humayun2018AnClassification,
    title = {{An Ensemble of Transfer, Semi-supervised and Supervised Learning Methods for Pathological Heart Sound Classification}},
    year = {2018},
    author = {Humayun, Ahmed Imtiaz and Khan, Md. Tauhiduzzaman and Ghaffarzadegan, Shabnam and Feng, Zhe and Hasan, Taufiq},
    number = {i},
    url = {http://arxiv.org/abs/1806.06506},
    doi = {10.1103/PhysRevLett.91.063901},
    issn = {0031-9007},
    arxivId = {1806.06506}
}

@article{Stasko2000AnStructures,
    title = {{An evaluation of space-filling information visualizations for depicting hierarchical structures}},
    year = {2000},
    journal = {International Journal of Human-Computer Studies},
    author = {Stasko, John and Catrambone, Richard and Guzdial, Mark and McDonald, Kevin},
    number = {5},
    pages = {663--694},
    volume = {53},
    isbn = {1071-5819},
    doi = {10.1006/ijhc.2000.0420},
    issn = {10715819},
    keywords = {empirical study, evaluation, hierarchy, information visualization, treemap}
}

@article{Compeau1995ApplicationSkills,
    title = {{Application of social cognitive theory to training for computer skills}},
    year = {1995},
    journal = {Information systems research},
    author = {Compeau, DR and Higgins, CA},
    number = {2},
    pages = {118--143},
    volume = {6},
    isbn = {10477047},
    doi = {10.1287/isre.6.2.118},
    issn = {1047-7047},
    pmid = {4431073}
}

@article{Rodden2014ApplyingSequences,
    title = {{Applying a sunburst visualization to summarize user navigation sequences}},
    year = {2014},
    journal = {IEEE Computer Graphics and Applications},
    author = {Rodden, Kerry},
    number = {5},
    pages = {36--40},
    volume = {34},
    isbn = {02721716 (ISSN)},
    doi = {10.1109/MCG.2014.63},
    issn = {02721716},
    pmid = {25248198},
    keywords = {Computer graphics, Data visualization, Graphics, Information visualization, Usage data, User experience research, Visualization, Web analytics, Web navigation}
}

@inproceedings{Nguyen2013Argviz:Conversations,
    title = {{Argviz: Interactive Visualization of Topic Dynamics in Multi-party Conversations}},
    year = {2013},
    booktitle = {Proceedings of the 2013 NAACL HLT Demonstration Session},
    author = {Nguyen, Viet-An and Hu, Yuening and Boyd-Graber, Jordan and Resnik, Philip},
    number = {June},
    pages = {36--39},
    url = {http://www.aclweb.org/anthology/N13-3009}
}

@inproceedings{Alexander2016AssessingGist-Forming,
    title = {{Assessing Topic Representations for Gist-Forming}},
    year = {2016},
    booktitle = {Proceedings of the International Working Conference on Advanced Visual Interfaces},
    author = {Alexander, Eric and Gleicher, Michael},
    pages = {100--107},
    url = {http://dl.acm.org/citation.cfm?doid=2909132.2909252%5CnAlexander, E., & Gleicher, M. (2016). Assessing Topic Representations for Gist-Forming. In Proceedings of the International Working Conference on Advanced Visual Interfaces - AVI ?16 (pp. 100?107). Ne},
    isbn = {9781450341318},
    doi = {10.1145/2909132.2909252},
    keywords = {topic model visualization, word clouds}
}

@inproceedings{Basu2010AssistingClassification,
    title = {{Assisting Users with Clustering Tasks by Combining Metric Learning and Classification}},
    year = {2010},
    booktitle = {Proceedings of the Twenty-Fourth Conference on Artificial Intelligence (AAAI 2010)},
    author = {Basu, Sumit and Fisher, Danyel and Drucker, Steven M. and Lu, Hao},
    month = {7},
    publisher = {American Association for Artificial Intelligence}
}

@article{Park2017AttentiveAbstract,
    title = {{Attentive Explanations: Justifying Decisions and Pointing to the Evidence (Extended Abstract)}},
    year = {2017},
    author = {Park, Dong Huk and Hendricks, Lisa Anne and Akata, Zeynep and Rohrbach, Anna and Schiele, Bernt and Darrell, Trevor and Rohrbach, Marcus},
    url = {http://arxiv.org/abs/1711.07373},
    arxivId = {1711.07373}
}

@misc{Park2017AttributeAttributes,
    title = {{Attribute And-Or Grammar for Joint Parsing of Human Pose, Parts and Attributes}},
    year = {2017},
    booktitle = {IEEE Transactions on Pattern Analysis and Machine Intelligence},
    author = {Park, Seyoung and Nie, Xiaohan and Zhu, Song Chun},
    isbn = {9781339829883},
    doi = {10.1109/TPAMI.2017.2731842},
    issn = {01628828},
    arxivId = {1605.02112},
    keywords = {And-Or grammar, Attribute grammar, Attribute prediction, Geometry, Glass, Grammar, Head, Joint parsing, Magnetic heads, Part localization, Pose estimation, Predictive models}
}

@article{Zhang2016AugmentingClassification,
    title = {{Augmenting supervised neural networks with unsupervised objectives for large-scale image classification}},
    year = {2016},
    journal = {International Conference on Machine Learning},
    author = {Zhang, Yuting and Lee, Kibok and Lee, Honglak},
    volume = {48}
}

@inproceedings{Ehsan2019AutomatedPerceptions,
    title = {{Automated rationale generation: A technique for explainable AI and its effects on human perceptions}},
    year = {2019},
    booktitle = {International Conference on Intelligent User Interfaces, Proceedings IUI},
    author = {Ehsan, Upol and Tambwekar, Pradyumna and Chan, Larry and Harrison, Brent and Riedl, Mark O.},
    doi = {10.1145/3301275.3302316},
    keywords = {Algorithmic decision-making, Algorithmic explanation, Artificial Intelligence, Explainable AI, Interpretability, Machine Learning, Rationale generation, Transparency, User perception}
}

@inproceedings{Newman2010AutomaticCoherence,
    title = {{Automatic Evaluation of Topic Coherence}},
    year = {2010},
    booktitle = {Human Language Technologies: The 2010 Annual Conference of the North American Chapter of the Association for Computational Linguistics},
    author = {Newman, David and Lau, Jh and Grieser, Karl and Baldwin, Timothy},
    number = {June},
    pages = {100--108},
    url = {http://dl.acm.org/citation.cfm?id=1858011},
    isbn = {1932432655}
}

@article{Hasan2014AutomaticArt,
    title = {{Automatic Keyphrase Extraction: A Survey of the State of the Art}},
    year = {2014},
    journal = {Proceedings of the 52nd Annual Meeting of the Association for Computational Linguistics},
    author = {Hasan, Kazi Saidul and Ng, Vincent},
    pages = {12},
    isbn = {9781937284725},
    doi = {10.3115/v1/P14-1119}
}

@article{Mao2012AutomaticTopics,
    title = {{Automatic labeling hierarchical topics}},
    year = {2012},
    journal = {Proceedings of the 21st ACM international conference on Information and knowledge management - CIKM '12},
    author = {Mao, Xian-Ling and Ming, Zhao-Yan and Zha, Zheng-Jun and Chua, Tat-Seng and Yan, Hongfei and Li, Xiaoming},
    pages = {2383},
    url = {http://dl.acm.org/citation.cfm?doid=2396761.2398646},
    isbn = {9781450311564},
    doi = {10.1145/2396761.2398646},
    keywords = {statistical topic models, topic model labeling}
}

@article{Lau2011AutomaticModels,
    title = {{Automatic Labelling of Topic Models}},
    year = {2011},
    journal = {Proceedings of the 49th Annual Meeting of the Association for Computational Linguistics},
    author = {Lau, Jey Han and Grieser, Karl and Newman, David and Baldwin, Timothy},
    pages = {1536--1545},
    isbn = {978-1-932432-87-9}
}

@inproceedings{Kou2015AutomaticVectors,
    title = {{Automatic labelling of topic models using word vectors and letter trigram vectors}},
    year = {2015},
    booktitle = {Lecture Notes in Computer Science (including subseries Lecture Notes in Artificial Intelligence and Lecture Notes in Bioinformatics)},
    author = {Kou, Wanqiu and Li, Fang and Baldwin, Timothy},
    volume = {9460},
    isbn = {9783319289397},
    doi = {10.1007/978-3-319-28940-3{\_}20},
    issn = {16113349}
}

@inproceedings{Roy2019AutomationBetter,
    title = {{Automation Accuracy Is Good, but High Controllability May Be Better}},
    year = {2019},
    booktitle = {to appear in CHI '19: Proceedings of the SIGCHI Conference on Human Factors in Computing Systems},
    author = {Roy, Quentin and Zhang, Futian and Vogel, Daniel},
    doi = {10.1145/3290605.3300750}
}

@article{Nielsen2007BreadcrumbUseful,
    title = {{Breadcrumb navigation increasingly useful}},
    year = {2007},
    journal = {Jakob Nielsen's Alertbox},
    author = {Nielsen, Jakob},
    number = {April},
    pages = {2--5},
    url = {http://scholar.google.com/scholar?hl=en&btnG=Search&q=intitle:Breadcrumb+Navigation+Increasingly+Useful#0}
}

@inproceedings{Eiband2018BringingPractice,
    title = {{Bringing Transparency Design into Practice}},
    year = {2018},
    booktitle = {Proceedings of the 2018 Conference on Human Information Interaction{\&}Retrieval  - IUI '18},
    author = {Eiband, Malin and Schneider, Hanna and Bilandzic, Mark and Fazekas-Con, Julian and Haug, Mareike and Hussmann, Heinrich},
    isbn = {9781450349451},
    doi = {10.1145/3172944.3172961}
}

@article{Becker1987BrushingScatterplots,
    title = {{Brushing scatterplots}},
    year = {1987},
    journal = {Technometrics},
    author = {Becker, Richard A. and Cleveland, William S.},
    isbn = {1745-8552},
    doi = {10.1080/00401706.1987.10488204},
    issn = {15372723},
    pmid = {25246403},
    arxivId = {arXiv:1011.1669v3},
    keywords = {Computer graphics, Dynamic graphical methods, Multidimensional data, Scatterplot matrix}
}

@misc{Voss2014BuildingWords,
    title = {{Building Topic Models Based on Anchor Words}},
    year = {2014},
    author = {Voss, Catalin},
    month = {5}
}

@article{Boyd-graber2014CareImprovementes,
    title = {{Care and Feeding of Topic Models: Problems, Diagnostics, and Improvementes}},
    year = {2014},
    journal = {Handbook of Mixed Membership Models and Its Applications},
    author = {Boyd-graber, Jordan and Mimno, David and Newman, David},
    pages = {225 - 254}
}

@article{Ramage2010CharacterizingModels,
    title = {{Characterizing Microblogs with Topic Models}},
    year = {2010},
    journal = {Icwsm},
    author = {Ramage, Daniel and Dumais, Susan and Liebling, Dan},
    pages = {1--8},
    isbn = {9781577354451},
    doi = {10.1.1.309.2194}
}

@inproceedings{Pingclasai2013ClassifyingModeling,
    title = {{Classifying Bug Reports to Bugs and other Requests using Topic Modeling}},
    year = {2013},
    booktitle = {Proceedings of the Asia-Pacific Software Engineering Conference},
    author = {Pingclasai, Natthakul and Hata, Hideaki and Matsumoto, Ken Ichi},
    pages = {13--18},
    volume = {2},
    isbn = {9781479921430},
    doi = {10.1109/APSEC.2013.105},
    issn = {15301362},
    keywords = {Bug classification, Bug reports, Topic modeling}
}

@inproceedings{Sarioglu2012ClinicalModeling,
    title = {{Clinical Report Classification Using Natural Language Processing and Topic Modeling}},
    year = {2012},
    booktitle = {Proceedings of the 11th International Conference on Machine Learning and Applications},
    author = {Sarioglu, Efsun and Choi, Hyeong-Ah and Yadav, Kabir},
    pages = {204--209},
    url = {http://ieeexplore.ieee.org/lpdocs/epic03/wrapper.htm?arnumber=6406751},
    isbn = {978-1-4673-4651-1},
    doi = {10.1109/ICMLA.2012.173}
}

@article{Settles2011ClosingInstances,
    title = {{Closing the loop: Fast, interactive semi-supervised annotation with queries on features and instances}},
    year = {2011},
    journal = {In Proceedings of the 2011 Conference on Empirical Methods in Natural Language Processing},
    author = {Settles, Burr},
    isbn = {1937284115},
    doi = {10.1021/jp048641u},
    issn = {1520-6106}
}

@inproceedings{Smith2018ClosingSystem,
    title = {{Closing the Loop: User-Centered Design and Evaluation of a Human-in-the-Loop Topic Modeling System}},
    year = {2018},
    booktitle = {Intelligent User Interfaces},
    author = {Smith, Alison and Kumar, Varun and Boyd-Graber, Jordan and Seppi, Kevin and Findlater, Leah}
}

@article{Hearst2006ClusteringExploration,
    title = {{Clustering Versus Faceted Categories for Information Exploration}},
    year = {2006},
    journal = {Commun. ACM},
    author = {Hearst, Marti A.},
    number = {4},
    month = {4},
    pages = {59–61},
    volume = {49},
    doi = {10.1145/1121949.1121983},
    issn = {0001-0782}
}

@inproceedings{Balcan2008ClusteringFeedback,
    title = {{Clustering with interactive feedback}},
    year = {2008},
    booktitle = {Lecture Notes in Computer Science (including subseries Lecture Notes in Artificial Intelligence and Lecture Notes in Bioinformatics)},
    author = {Balcan, Maria Florina and Blum, Avrim},
    doi = {10.1007/978-3-540-87987-9{\_}27},
    issn = {03029743}
}

@incollection{Fabrikant2005CognitivelyVisualization,
    title = {{Cognitively Plausible Information Visualization}},
    year = {2005},
    booktitle = {Exploring Geovisualization},
    author = {Fabrikant, Sara Irina and Skupin, Andr??},
    pages = {667--690},
    isbn = {9780080445311},
    doi = {10.1016/B978-008044531-1/50453-X}
}

@inproceedings{Hu2008CollaborativeDatasets,
    title = {{Collaborative filtering for implicit feedback datasets}},
    year = {2008},
    booktitle = {Proceedings - IEEE International Conference on Data Mining, ICDM},
    author = {Hu, Yifan and Volinsky, Chris and Koren, Yehuda},
    isbn = {9780769535029},
    doi = {10.1109/ICDM.2008.22},
    issn = {15504786},
    pmid = {4781121},
    arxivId = {arXiv:1208.5721}
}

@inproceedings{Davenport2016CollaborativeDatasets,
    title = {{Collaborative human-machine analysis to disambiguate entities in unstructured text and structured datasets}},
    year = {2016},
    author = {Davenport, Jack H.},
    editor = {Broome, Barbara D. and Hanratty, Timothy P. and Hall, David L. and Llinas, James},
    month = {5},
    doi = {10.1117/12.2230880}
}

@inproceedings{Wang2011CollaborativeArticles,
    title = {{Collaborative topic modeling for recommending scientific articles}},
    year = {2011},
    booktitle = {Proceedings of the 17th ACM SIGKDD international conference on Knowledge discovery and data mining - KDD '11},
    author = {Wang, Chong and Blei, David M.},
    isbn = {9781450308137},
    doi = {10.1145/2020408.2020480},
    issn = {14710072},
    pmid = {16990852},
    arxivId = {arXiv:1411.2581v1}
}

@article{Meila2007ComparingDistance,
    title = {{Comparing clusterings - an information based distance}},
    year = {2007},
    journal = {Journal of Multivariate Analysis},
    author = {Meila, Marina},
    number = {5},
    pages = {873--895},
    volume = {98},
    url = {http://www.sciencedirect.com/science/article/pii/S0047259X06002016%5Cnhttp://pdn.sciencedirect.com/science?_ob=MiamiImageURL&_cid=272481&_user=3875439&_pii=S0047259X06002016&_check=y&_origin=article&_zone=toolbar&_coverDate=2007--31&view=c&originContentFa},
    isbn = {0047-259X},
    doi = {10.1016/j.jmva.2006.11.013},
    issn = {0047-259X},
    keywords = {agreement measures, box 354322, clustering, comparing partitions, department of statistics, information, mutual information, preprint submitted to elsevier, science, seattle wa, similarity measures, theory, university of washington}
}

@article{Park2018ComparisonDetection,
    title = {{Comparison of RNN Encoder-Decoder Models for Anomaly Detection}},
    year = {2018},
    author = {Park, YeongHyeon and Yun, Il Dong},
    url = {http://arxiv.org/abs/1807.06576},
    arxivId = {1807.06576},
    keywords = {anomaly detection, rnn encoder-decoder}
}

@article{Woodruff2014ComputationalAds,
    title = {{Computational Advertising: Techniques for Targeting Relevant Ads}},
    year = {2014},
    journal = {Foundations and Trends{\textregistered} in Theoretical Computer Science},
    author = {Woodruff, David P.},
    number = {1-2},
    pages = {1--157},
    volume = {10},
    url = {http://www.nowpublishers.com/articles/foundations-and-trends-in-theoretical-computer-science/TCS-060},
    isbn = {9781601988331},
    doi = {10.1561/0400000060},
    issn = {1551-305X},
    arxivId = {1411.4357}
}

@article{Smith2014ConcurrentModels,
    title = {{Concurrent Visualization of Relationships between Words and Topics in Topic Models}},
    year = {2014},
    journal = {Proceedings of the Workshop on Interactive Language Learning, Visualization, and Interfaces},
    author = {Smith, Alison and Chuang, Jason and Hu, Yuening and Boyd-Graber, Jordan and Findlater, Leah},
    pages = {79--82},
    url = {http://aclanthology.info/papers/concurrent-visualization-of-relationships-between-words-and-topics-in-topic-models%5Cnhttp://www.aclweb.org/anthology/W14-3112}
}

@article{Pazzani2007Content-BasedSystems,
    title = {{Content-Based Recommendation Systems}},
    year = {2007},
    journal = {The Adaptive Web},
    author = {Pazzani, Michael J. and Billsus, Daniel},
    pages = {325--341},
    volume = {4321},
    url = {http://link.springer.com/10.1007/978-3-540-72079-9},
    isbn = {978-3-540-72078-2},
    doi = {10.1007/978-3-540-72079-9},
    issn = {01635840},
    pmid = {18568017},
    arxivId = {9780201398298}
}

@incollection{Adomavicius2015Context-awareSystems,
    title = {{Context-aware recommender systems}},
    year = {2015},
    booktitle = {Recommender Systems Handbook, Second Edition},
    author = {Adomavicius, G. and Tuzhilin, A.},
    isbn = {9781489976376},
    doi = {10.1007/978-1-4899-7637-6{\_}6},
    issn = {0738-4602},
    pmid = {21607264},
    arxivId = {3}
}

@article{Mindek2013ContextualAnnotations,
    title = {{Contextual Snapshots: Enriched Visualization with Interactive Spatial Annotations}},
    year = {2013},
    journal = {29th Spring Conference on Computer Graphics 2013},
    author = {Mindek, Peter and Bruckner, Stefan and Gr{\"{o}}ller, Eduard},
    number = {212},
    pages = {1--8},
    volume = {1},
    url = {http://publik.tuwien.ac.at/files/PubDat_221374.pdf},
    isbn = {978-80-223-3377-1},
    doi = {10.1145/2508244.2508251},
    keywords = {annotations, linked views, provenance, spatial selections}
}

@inproceedings{Hoque2015ConVisIT:Conversations,
    title = {{ConVisIT: Interactive Topic Modeling for Exploring Asynchronous Online Conversations}},
    year = {2015},
    booktitle = {Proceedings of the International Conference on Intelligent User Interfaces},
    author = {Hoque, Enamul and Carenini, Giuseppe},
    pages = {169--180},
    publisher = {ACM},
    address = {New York},
    isbn = {978-1-4503-3306-1},
    doi = {10.1145/2678025.2701370}
}

@article{Izadyyazdanabadi2018ConvolutionalImages,
    title = {{Convolutional neural networks: Ensemble modeling, fine-tuning and unsupervised semantic localization for neurosurgical CLE images}},
    year = {2018},
    journal = {Journal of Visual Communication and Image Representation},
    author = {Izadyyazdanabadi, Mohammadhassan and Belykh, Evgenii and Mooney, Michael and Martirosyan, Nikolay and Eschbacher, Jennifer and Nakaji, Peter and Preul, Mark C. and Yang, Yezhou},
    doi = {10.1016/j.jvcir.2018.04.004},
    issn = {10959076},
    arxivId = {1709.03028},
    keywords = {Brain tumor, Confocal laser endomicroscopy, Ensemble modeling, Neural network, Surgical vision, Unsupervised localization}
}

@article{Culotta2006CorrectiveExtraction,
    title = {{Corrective feedback and persistent learning for information extraction}},
    year = {2006},
    journal = {Artificial Intelligence},
    author = {Culotta, Aron and Kristjansson, Trausti and McCallum, Andrew and Viola, Paul},
    doi = {10.1016/j.artint.2006.08.001},
    issn = {00043702},
    keywords = {Active learning, Graphical models, Information extraction}
}

@article{Shilman2006CueTIP:Errors,
    title = {{CueTIP: a mixed-initiative interface for correcting handwriting errors}},
    year = {2006},
    journal = {Proceedings of the ACM Symposium on User Interface Software and Technology},
    author = {Shilman, Michael and Tan, Desney S and Simard, Patrice},
    isbn = {1595933131},
    doi = {10.1145/1166253.1166304},
    keywords = {correction interface, hand-, mixed initiative}
}

@article{Bostock2011D3Documents,
    title = {{D3 data-driven documents}},
    year = {2011},
    journal = {IEEE Transactions on Visualization and Computer Graphics},
    author = {Bostock, Michael and Ogievetsky, Vadim and Heer, Jeffrey},
    number = {12},
    pages = {2301--2309},
    volume = {17},
    isbn = {1077-2626},
    doi = {10.1109/TVCG.2011.185},
    issn = {10772626},
    pmid = {22034350},
    arxivId = {1408.4626},
    keywords = {2D graphics., Information visualization, toolkits, user interfaces}
}

@article{Talley2011DatabaseClustering,
    title = {{Database of NIH grants using machine-learned categories and graphical clustering}},
    year = {2011},
    journal = {Nature Methods},
    author = {Talley, Edmund M. and Newman, David and Mimno, David and Ii, Bruce W. Herr and Wallach, Hanna M. and Burns, Gully A. P. C. and Leenders, A. G. Miriam and McCallum, Andrew},
    number = {6},
    month = {6},
    pages = {443--444},
    volume = {8},
    doi = {10.1038/nmeth.1619},
    issn = {1548-7091},
    language = {en}
}

@article{David2015DealingFormats,
    title = {{Dealing with extreme data diversity: extraction and fusion from the growing types of document formats}},
    year = {2015},
    journal = {SPIE Conference on Next-Generation Analyst III},
    author = {David, Peter and Hansen, Nichole and Alcocer, Pedro}
}

@inproceedings{David2015DealingFormatsb,
    title = {{Dealing with extreme data diversity: extraction and fusion of growing types of document formats}},
    year = {2015},
    booktitle = {SPIE Conference on Next-Generation Analyst III},
    author = {David, Peter and Hansen, Nichole and Nolan, James J. and Alcocer, Pedro}
}

@inproceedings{He2015DelvingClassification,
    title = {{Delving deep into rectifiers: Surpassing human-level performance on imagenet classification}},
    year = {2015},
    booktitle = {Proceedings of the IEEE International Conference on Computer Vision},
    author = {He, Kaiming and Zhang, Xiangyu and Ren, Shaoqing and Sun, Jian},
    pages = {1026--1034},
    volume = {2015 Inter},
    isbn = {9781467383912},
    doi = {10.1109/ICCV.2015.123},
    issn = {15505499},
    pmid = {7410480},
    arxivId = {1502.01852}
}

@incollection{McCrickard2005DesigningChallenges,
    title = {{Designing attention-centric notification systems: Five HCI challenges}},
    year = {2005},
    booktitle = {Cognitive Systems: Human Cognitive Models in Systems Design},
    author = {McCrickard, D. Scott and Chewar, C. M.},
    pages = {67--89},
    isbn = {0805852913},
    doi = {10.4324/9781410617088}
}

@inproceedings{Amershi2011DesigningLearning,
    title = {{Designing for effective end-user interaction with machine learning}},
    year = {2011},
    booktitle = {Proceedings of the 24th annual ACM symposium adjunct on User interface software and technology - UIST '11 Adjunct},
    author = {Amershi, Saleema},
    isbn = {9781450310147},
    doi = {10.1145/2046396.2046416},
    issn = {00043702},
    pmid = {25246403},
    arxivId = {arXiv:1011.1669v3}
}

@article{Cakmak2010DesigningLearners,
    title = {{Designing Interactions for Robot Active Learners}},
    year = {2010},
    journal = {IEEE Transactions on Autonomous Mental Development},
    author = {Cakmak, M. and Chao, C. and Thomaz, A.L.},
    number = {2},
    pages = {108--118},
    volume = {2},
    isbn = {1943-0604 VO - 2},
    doi = {10.1109/TAMD.2010.2051030},
    issn = {1943-0604},
    keywords = {Active learning, human{\&}{\#}x2013, robot interaction}
}

@book{Hoekman2007DesigningDesign,
    title = {{Designing the Obvious: A Common Sense Approach to Web Application Design}},
    year = {2007},
    booktitle = {Choice Current Reviews for Academic Libraries},
    author = {Hoekman, Robert},
    pages = {255},
    volume = {48},
    url = {http://www.worldcat.org/isbn/032145345X},
    isbn = {032145345X},
    issn = {00094978}
}

@book{Shneiderman2009DesigningInteraction,
    title = {{Designing the User Interface: Strategies for Effective Human-Computer Interaction}},
    year = {2009},
    booktitle = {International Journal of Human-Computer Interaction},
    author = {Shneiderman, Ben and Plaisant, Catherine and Cohen, Maxine and Jacobs, Steven},
    number = {7},
    pages = {624},
    volume = {25},
    isbn = {9780321537355},
    issn = {1044-7318}
}

@inproceedings{Barbara2006DetectingTesting,
    title = {{Detecting outliers using transduction and statistical testing}},
    year = {2006},
    booktitle = {Proceedings of the 12th ACM SIGKDD international conference on Knowledge discovery and data mining  - KDD '06},
    author = {Barbar{\'{a}}, Daniel and Domeniconi, Carlotta and Rogers, James P.},
    isbn = {1595933395},
    doi = {10.1145/1150402.1150413},
    issn = {21698953}
}

@article{Li2018DetNet:Detection,
    title = {{DetNet: A Backbone network for Object Detection}},
    year = {2018},
    author = {Li, Zeming and Peng, Chao and Yu, Gang and Zhang, Xiangyu and Deng, Yangdong and Sun, Jian},
    pages = {1--17},
    url = {http://arxiv.org/abs/1804.06215},
    isbn = {0022-0949},
    doi = {10.1242/jeb.02195},
    issn = {0022-0949},
    pmid = {16621946},
    arxivId = {1804.06215},
    keywords = {convolutional neural network, image, object detection}
}

@article{McFarland2013DifferentiatingModels,
    title = {{Differentiating language usage through topic models}},
    year = {2013},
    journal = {Poetics},
    author = {McFarland, Daniel A. and Ramage, Daniel and Chuang, Jason and Heer, Jeffrey and Manning, Christopher D. and Jurafsky, Daniel},
    number = {6},
    month = {12},
    pages = {607--625},
    series = {Topic Models and the Cultural Sciences},
    volume = {41},
    doi = {10.1016/j.poetic.2013.06.004},
    issn = {0304-422X}
}

@inproceedings{Shneiderman1997DirectInterfaces,
    title = {{Direct manipulation for comprehensible, predictable and controllable user interfaces}},
    year = {1997},
    booktitle = {Proceedings of the 2nd international conference on Intelligent user interfaces  - IUI '97},
    author = {Shneiderman, Ben},
    pages = {33--39},
    url = {http://portal.acm.org/citation.cfm?doid=238218.238281},
    isbn = {0897918398},
    doi = {10.1145/238218.238281},
    issn = {00010782}
}

@article{Dosovitskiy2016DiscriminativeNetworks,
    title = {{Discriminative unsupervised feature learning with exemplar convolutional neural networks}},
    year = {2016},
    journal = {IEEE Transactions on Pattern Analysis and Machine Intelligence},
    author = {Dosovitskiy, Alexey and Fischer, Philipp and Springenberg, Jost Tobias and Riedmiller, Martin and Brox, Thomas},
    isbn = {7200083534},
    doi = {10.1109/TPAMI.2015.2496141},
    issn = {01628828},
    pmid = {26540673},
    arxivId = {1406.6909},
    keywords = {Convolutional networks, descriptor matching, feature learning, image classification, unsupervised learning}
}

@article{Xing2002DistanceSide-Information,
    title = {{Distance Metric Learning , with Application to Clustering with Side-Information}},
    year = {2002},
    journal = {Advances in Neural Information Processing Systems},
    author = {Xing, Eric P. and Ng, Andrew Y. and Jordan, Michael I. and Russell, Stuart},
    pages = {505--512},
    volume = {15},
    url = {http://books.nips.cc/papers/files/nips15/AA03.pdf%5Cnhttp://citeseerx.ist.psu.edu/viewdoc/summary?doi=10.1.1.58.3667},
    isbn = {0-262-02550-7},
    doi = {10.1.1.58.3667},
    issn = {10495258},
    pmid = {19276889},
    keywords = {clustering}
}

@inproceedings{Frosst2018DistillingTree,
    title = {{Distilling a neural network into a soft decision tree}},
    year = {2018},
    booktitle = {CEUR Workshop Proceedings},
    author = {Frosst, Nicholas and Hinton, Geo rey},
    issn = {16130073},
    arxivId = {1711.09784}
}

@article{Newman2009DistributedModels,
    title = {{Distributed Algorithms for Topic Models}},
    year = {2009},
    journal = {Journal of Machine Learning Research},
    author = {Newman, David and Welling, Max},
    pages = {1801--1828},
    volume = {10},
    url = {http://portal.acm.org/citation.cfm?id=1755845},
    isbn = {1532-4435},
    issn = {15324435},
    keywords = {distributed, hierarchical dirichlet processes, latent dirichlet allocation, parallel computation, topic models}
}

@inproceedings{Chandrasekaran2019DoHuman,
    title = {{Do explanations make VQA models more predictable to a human?}},
    year = {2019},
    author = {Chandrasekaran, Arjun and Prabhu, Viraj and Yadav, Deshraj and Chattopadhyay, Prithvijit and Parikh, Devi},
    doi = {10.18653/v1/d18-1128}
}

@inproceedings{Chuang2013DocumentWorkflows,
    title = {{Document Exploration with Topic Modeling: Designing Interactive Visualizations to Support Effective Analysis Workflows}},
    year = {2013},
    booktitle = {Conference on Neural Information Processing Systems (NIPS) Workshop on Topic Models: Computation, Application, and Evaluation},
    author = {Chuang, Jason and Hu, Yuening and Jin, Ashley and Wilkerson, John D. and McFarland, Daniel A. and Manning, Christopher D. and Heer, Jeffrey},
    pages = {1--4}
}

@article{Chuang2013DocumentWorkflowsb,
    title = {{Document exploration with topic modeling: Designing interactive visualizations to support effective analysis workflows}},
    year = {2013},
    journal = {NIPS Workshop on  {\ldots}},
    author = {Chuang, J and Hu, Y and Jin, A},
    pages = {1--4},
    url = {http://dosen.narotama.ac.id/wp-content/uploads/2014/11/Document-Exploration-with-Topic-Modeling-Designing-Interactive-Visualizations-to-Support-Effective-Analysis-Workflows.pdf}
}

@inproceedings{Wang2016DuelingLearning,
    title = {{Dueling Network Architectures for Deep Reinforcement Learning}},
    year = {2016},
    booktitle = {33rd International Conference on Machine Learning, ICML 2016},
    author = {Wang, Ziyu and Schaul, Tom and Hessel, Matteo and Van Hasselt, Hado and Lanctot, Marc and De Frcitas, Nando},
    isbn = {9781510829008}
}

@article{SooYi2005DustMetaphor,
    title = {{Dust {\&}amp; Magnet: Multivariate Information Visualization Using a Magnet Metaphor}},
    year = {2005},
    journal = {Information Visualization},
    author = {Soo Yi, Ji and Melton, Rachel and Stasko, John and Jacko, Julie A.},
    number = {4},
    pages = {239--256},
    volume = {4},
    url = {http://journals.sagepub.com/doi/10.1057/palgrave.ivs.9500099},
    doi = {10.1057/palgrave.ivs.9500099},
    issn = {1473-8716}
}

@inproceedings{Camburu2018E-SNLI:Explanations,
    title = {{E-SNLI: Natural language inference with natural language explanations}},
    year = {2018},
    booktitle = {Advances in Neural Information Processing Systems},
    author = {Camburu, Oana Maria and Rockt{\"{a}}schel, Tim and Lukasiewicz, Thomas and Blunsom, Phil},
    issn = {10495258}
}

@inproceedings{Amershi2011EffectiveLearning,
    title = {{Effective End-User Interaction with Machine Learning}},
    year = {2011},
    booktitle = {Proceedings of the Twenty-Fifth AAAI Conference on Artificial Intelligence},
    author = {Amershi, Saleema and Fogarty, James and Kapoor, Ashish and Tan, Desney},
    pages = {1529 - 1532},
    url = {http://ezproxy.net.ucf.edu/login?url=http://search.proquest.com/docview/1143521974?accountid=10003\nhttp://sfx.fcla.edu/ucf?url_ver=Z39.88-2004&rft_val_fmt=info:ofi/fmt:kev:mtx:dissertation&genre=dissertations+&+theses&sid=ProQ:ProQuest+Dissertations+&+Th},
    isbn = {9781267696359},
    doi = {10.1145/2046396.2046416},
    issn = {00043702},
    keywords = {0984:Computer science, Applied sciences, Computer science, End users, Human-computer interaction, Machine learning}
}

@article{Yang2015EfficientModels,
    title = {{Efficient Methods for Incorporating Knowledge into Topic Models}},
    year = {2015},
    journal = {Emnlp},
    author = {Yang, Yi and Downey, Doug and Boyd-graber, Jordan and Graber, Jordan Boyd},
    number = {September},
    pages = {308--317},
    isbn = {9781941643327}
}

@inproceedings{Yao2009EfficientCollections,
    title = {{Efficient Methods for Topic Model Inference on Streaming Document Collections}},
    year = {2009},
    booktitle = {Proceedings of the 15th ACM SIGKDD International Conference on Knowledge Discovery and Data Mining},
    author = {Yao, Limin and Mimno, David and McCallum, Andrew},
    pages = {937–946},
    series = {KDD '09},
    publisher = {ACM},
    address = {New York},
    isbn = {978-1-60558-495-9},
    doi = {10.1145/1557019.1557121}
}

@inproceedings{Yao2009EfficientCollectionsb,
    title = {{Efficient methods for topic model inference on streaming document collections}},
    year = {2009},
    booktitle = {Proceedings of the 15th ACM SIGKDD international conference on Knowledge discovery and data mining - KDD '09},
    author = {Yao, Limin and Mimno, David and McCallum, Andrew},
    pages = {937},
    url = {http://portal.acm.org/citation.cfm?doid=1557019.1557121},
    isbn = {9781605584959},
    doi = {10.1145/1557019.1557121}
}

@inproceedings{Yao2009EfficientCollectionsc,
    title = {{Efficient methods for topic model inference on streaming document collections}},
    year = {2009},
    booktitle = {Proceedings of the 15th ACM SIGKDD international conference on Knowledge discovery and data mining - KDD '09},
    author = {Yao, Limin and Mimno, David and McCallum, Andrew},
    pages = {937},
    url = {http://portal.acm.org/citation.cfm?doid=1557019.1557121},
    isbn = {9781605584959},
    doi = {10.1145/1557019.1557121}
}

@article{Goodman2017EuropeanExplanation,
    title = {{European union regulations on algorithmic decision making and a "right to explanation"}},
    year = {2017},
    journal = {AI Magazine},
    author = {Goodman, Bryce and Flaxman, Seth},
    issn = {07384602}
}

@article{Nguyen9999EvaluatingWords,
    title = {{Evaluating Regularized Anchor Words}},
    year = {9999},
    journal = {mimno.infosci.cornell.edu},
    author = {Nguyen, T and Hu, Y. and Boyd-Graber, J.}
}

@inproceedings{Newman2010EvaluatingLibraries,
    title = {{Evaluating Topic Models for Digital Libraries}},
    year = {2010},
    booktitle = {Proceedings of the 10th ACM/IEEE-CS Joint Conference on Digital Libraries},
    author = {Newman, David and Noh, Youn and Talley, Edmund and Karimi, Sarvnaz and Baldwin, Timothy},
    pages = {215--224},
    url = {http://portal.acm.org/citation.cfm?id=1816123.1816156},
    isbn = {9781450300858},
    doi = {10.1145/1816123.1816156},
    keywords = {evaluation, topic models, topic quality, user studies}
}

@article{Aletras2015EvaluatingCollections,
    title = {{Evaluating Topic Representations for Exploring Document Collections}},
    year = {2015},
    journal = {Journal of the Association for Information Science and Technology},
    author = {Aletras, Nikolaos and Baldwin, Timothy and Lau, Jey Han and Stevenson, Mark},
    doi = {10.1002/asi.23574},
    issn = {2330-1643}
}

@article{Smith2017EvaluatingLabels,
    title = {{Evaluating Visual Representations for Topic Understanding and Their Effects on Manually Generated Topic Labels}},
    year = {2017},
    journal = {Transactions of the Association for Computational Linguistics},
    author = {Smith, Alison and Yeon Lee, Tak and Poursabzi-Sangdeh, Forough and Boyd-Graber, Jordan and Elmqvist, Niklas and Findlater, Leah},
    pages = {1--15},
    volume = {5},
    issn = {2307-387X}
}

@inproceedings{Wallach2009EvaluationModels,
    title = {{Evaluation Methods for Topic Models}},
    year = {2009},
    booktitle = {Proceedings of the 26th Annual International Conference on Machine Learning},
    author = {Wallach, Hanna M. and Murray, Iain and Salakhutdinov, Ruslan and Mimno, David},
    pages = {1105--1112},
    series = {ICML '09},
    publisher = {ACM},
    address = {New York},
    isbn = {978-1-60558-516-1},
    doi = {10.1145/1553374.1553515}
}

@article{Boukhelifa2018EvaluationSystems,
    title = {{Evaluation of Interactive Machine Learning Systems}},
    year = {2018},
    author = {Boukhelifa, Nadia and Bezerianos, Anastasia and Lutton, Evelyne},
    pages = {1--20},
    url = {http://arxiv.org/abs/1801.07964},
    arxivId = {1801.07964}
}

@article{Boukhelifa2013EvolutionaryUsers,
    title = {{Evolutionary visual exploration: Evaluation with expert users}},
    year = {2013},
    journal = {Computer Graphics Forum},
    author = {Boukhelifa, N. and Cancino, W. and Bezerianos, A. and Lutton, E.},
    number = {3 PART1},
    pages = {31--40},
    volume = {32},
    isbn = {01677055},
    doi = {10.1111/cgf.12090},
    issn = {14678659}
}

@inproceedings{Amershi2010ExaminingLearning,
    title = {{Examining multiple potential models in end-user interactive concept learning}},
    year = {2010},
    booktitle = {Proceedings of the 28th international conference on Human factors in computing systems - CHI '10},
    author = {Amershi, Saleema and Fogarty, James and Kapoor, Ashish and Tan, Desney},
    pages = {1357},
    url = {http://portal.acm.org/citation.cfm?doid=1753326.1753531},
    isbn = {9781605589299},
    doi = {10.1145/1753326.1753531}
}

@inproceedings{Amershi2010ExaminingLearningb,
    title = {{Examining multiple potential models in end-user interactive concept learning}},
    year = {2010},
    booktitle = {Conference on Human Factors in Computing Systems - Proceedings},
    author = {Amershi, Saleema and Fogarty, James and Kapoor, Ashish and Tan, Desney},
    isbn = {9781605589299},
    doi = {10.1145/1753326.1753531},
    keywords = {end-user interactive concept learning}
}

@inproceedings{Barth2014ExperimentalClouds,
    title = {{Experimental comparison of semantic word clouds}},
    year = {2014},
    booktitle = {Lecture Notes in Computer Science (including subseries Lecture Notes in Artificial Intelligence and Lecture Notes in Bioinformatics)},
    author = {Barth, Lukas and Kobourov, Stephen G. and Pupyrev, Sergey},
    pages = {247--258},
    volume = {8504 LNCS},
    isbn = {9783319079585},
    doi = {10.1007/978-3-319-07959-2{\_}21},
    issn = {16113349}
}

@misc{Gunning2016ExplainableXAI,
    title = {{Explainable Artificial Intelligence (XAI)}},
    year = {2016},
    author = {Gunning, Dave},
    url = {https://www.darpa.mil/program/explainable-artificial- intelligence}
}

@misc{GunningExplainableXAI,
    title = {{Explainable Artificial Intelligence (XAI)}},
    booktitle = {Defense Advanced Research Projects Agency (DARPA)},
    author = {Gunning, Dave},
    url = {https://www.darpa.mil/program/explainable-artificial-intelligence}
}

@inproceedings{Herlocker2000ExplainingRecommendations,
    title = {{Explaining collaborative filtering recommendations}},
    year = {2000},
    booktitle = {Proceedings of the 2000 ACM conference on Computer supported cooperative work  - CSCW '00},
    author = {Herlocker, Jonathan L. and Konstan, Joseph A. and Riedl, John},
    pages = {241--250},
    url = {http://portal.acm.org/citation.cfm?doid=358916.358995},
    isbn = {1581132220},
    doi = {10.1145/358916.358995},
    issn = {00318655},
    pmid = {8234466},
    arxivId = {48}
}

@article{Martens2014ExplainingClassifications,
    title = {{Explaining data-driven document classifications}},
    year = {2014},
    journal = {MIS Quarterly: Management Information Systems},
    author = {Martens, David and Provost, Foster},
    doi = {10.25300/MISQ/2014/38.1.04},
    issn = {21629730},
    keywords = {Comprehensibility, Document classification, Instance level explanation, Text mining}
}

@inproceedings{Dodge2019ExplainingJudgment,
    title = {{Explaining models: An empirical study of how explanations impact fairness judgment}},
    year = {2019},
    booktitle = {International Conference on Intelligent User Interfaces, Proceedings IUI},
    author = {Dodge, Jonathan and Vera Liao, Q. and Zhang, Yunfeng and Bellamy, Rachel K.E. and Dugan, Casey},
    doi = {10.1145/3301275.3302310},
    keywords = {Empirical Studies, Explanation, Fairness, Machine Learning}
}

@article{Bilgic2005ExplainingPromotion,
    title = {{Explaining Recommendations: Satisfaction vs. Promotion}},
    year = {2005},
    journal = {Proceedings of Beyond Personalization 2005: A Workshop on the Next Stage of Recommender Systems Research at The 2005 International Conference on Intelligent User Interfaces},
    author = {Bilgic, Mustafa and Mooney, Raymond J},
    isbn = {1581138946},
    doi = {10.1145/1040830.1040839}
}

@article{Biran2017ExplanationSurvey,
    title = {{Explanation and Justification in Machine Learning: A Survey}},
    year = {2017},
    journal = {1st Workshop on Explainable Artificial Intelligence},
    author = {Biran, Or and Cotton, Courtenay},
    isbn = {9789727042913},
    arxivId = {1712.00547}
}

@article{Stumpf2016ExplanationsSystems,
    title = {{Explanations Considered Harmful ? User Interactions with Machine Learning Systems}},
    year = {2016},
    journal = {ACM SIGCHI Workshop on Human-Centered Machine Learning},
    author = {Stumpf, Simone},
    doi = {10.1101/gad.377106.Cyclin-dependent},
    pmid = {16705040}
}

@article{Swartout1991ExplanationsSystems,
    title = {{Explanations in knowledge systems: Design for Explainable Expert Systems}},
    year = {1991},
    journal = {IEEE Expert},
    author = {Swartout, William and Paris, Cecile and Moore, Johanna},
    number = {3},
    pages = {58--64},
    volume = {6},
    doi = {10.1109/64.87686},
    issn = {08859000}
}

@inproceedings{Kulesza2010ExplanatoryPrograms,
    title = {{Explanatory debugging: Supporting end-user debugging of machine-learned programs}},
    year = {2010},
    booktitle = {Proceedings - 2010 IEEE Symposium on Visual Languages and Human-Centric Computing, VL/HCC 2010},
    author = {Kulesza, Todd and Stumpf, Simone and Burnett, Margaret and Wong, Weng Keen and Riche, Yann and Moore, Travis and Oberst, Ian and Shinsel, Amber and McIntosh, Kevin},
    pages = {41--48},
    isbn = {9780769542065},
    doi = {10.1109/VLHCC.2010.15},
    issn = {1943-6092}
}

@article{Tukey1977ExploratorySection,
    title = {{Exploratory Data Analysis (Book Section)}},
    year = {1977},
    journal = {Exploratory Data Analysis},
    author = {Tukey, J W},
    isbn = {0201076160},
    doi = {10.1007/978-1-4419-7976-6},
    issn = {1557170X},
    pmid = {21097328}
}

@article{Klein2015ExploratoryCollections,
    title = {{Exploratory thematic analysis for digitized archival collections}},
    year = {2015},
    journal = {Digital Scholarship in the Humanities},
    author = {Klein, Lauren F. and Eisenstein, Jacob and Sun, Iris},
    pages = {i130-i141},
    volume = {30},
    doi = {10.1093/llc/fqv052},
    issn = {2055768X}
}

@inproceedings{Haghighi2009ExploringSummarization,
    title = {{Exploring Content Models for Multi-Document Summarization}},
    year = {2009},
    booktitle = {Proceedings of HLT-NAACL 2009},
    author = {Haghighi, Aria and Vanderwende, Lucy},
    pages = {362--370},
    publisher = {Association for Computational Linguistics}
}

@inproceedings{Roder2015ExploringMeasures,
    title = {{Exploring the Space of Topic Coherence Measures}},
    year = {2015},
    booktitle = {Proceedings of the Eighth ACM International Conference on Web Search and Data Mining - WSDM '15},
    author = {R{\"{o}}der, Michael and Both, Andreas and Hinneburg, Alexander},
    pages = {399--408},
    url = {http://dl.acm.org/citation.cfm?doid=2684822.2685324},
    isbn = {9781450333177},
    doi = {10.1145/2684822.2685324}
}

@inproceedings{Stevens2012ExploringTopics,
    title = {{Exploring Topic Coherence over Many Models and Many Topics}},
    year = {2012},
    booktitle = {Proceedings of the 2012 Joint Conference on Empirical Methods in Natural Language Processing and Computational Natural Language Learning},
    author = {Stevens, Keith and Kegelmeyer, Philip and Andrzejewski, David and Buttler, David},
    number = {July},
    pages = {952--961},
    url = {http://aclanthology.info/papers/exploring-topic-coherence-over-many-models-and-many-topics},
    isbn = {9781937284435}
}

@inproceedings{Griffiths2004FindingTopics,
    title = {{Finding scientific topics}},
    year = {2004},
    booktitle = {Proceedings of the National Academy of Sciences of the United States of America},
    author = {Griffiths, Thomas L and Steyvers, Mark},
    pages = {5228--35},
    volume = {101},
    url = {http://www.ncbi.nlm.nih.gov/pubmed/14872004},
    isbn = {0027-8424 (Print){\textbackslash}r0027-8424 (Linking)},
    doi = {10.1073/pnas.0307752101},
    issn = {0027-8424},
    pmid = {14872004},
    keywords = {Databases, Documentation, Factual, Models, Monte Carlo Method, National Academy of Sciences (U.S.), Probability, Publishing, Science, Science: classification, Statistical, United States}
}

@article{Griffiths2004FindingTopicsb,
    title = {{Finding scientific topics}},
    year = {2004},
    journal = {Proceedings of the National Academy of Sciences},
    author = {Griffiths, T. L. and Steyvers, M.},
    number = {Supplement 1},
    pages = {5228--5235},
    volume = {101},
    url = {http://www.pnas.org/cgi/doi/10.1073/pnas.0307752101},
    isbn = {0027-8424 (Print){\textbackslash}r0027-8424 (Linking)},
    doi = {10.1073/pnas.0307752101},
    issn = {0027-8424},
    pmid = {14872004}
}

@article{Griffiths2004FindingTopics.,
    title = {{Finding scientific topics.}},
    year = {2004},
    journal = {Proceedings of the National Academy of Sciences of the United States of America},
    author = {Griffiths, Thomas L and Steyvers, Mark},
    pages = {5228--35},
    volume = {101 Suppl },
    url = {http://www.ncbi.nlm.nih.gov/pubmed/14872004},
    isbn = {0027-8424 (Print){\textbackslash}r0027-8424 (Linking)},
    doi = {10.1073/pnas.0307752101},
    issn = {0027-8424},
    pmid = {14872004},
    keywords = {Databases, Factual, Documentation, Models, Statistical, Monte Carlo Method, National Academy of Sciences (U.S.), Probability, Publishing, Science, Science: classification, United States}
}

@inproceedings{Du2017FindingEvaluation,
    title = {{Finding Similar People to Guide Life Choices: Challenge, Design, and Evaluation}},
    year = {2017},
    booktitle = {Proceedings of the SIGCHI Conference on Human Factors in Computing Systems},
    author = {Du, Fan and Plaisant, Catherine and Spring, Neil and Shneiderman, Ben},
    isbn = {9781450346559},
    doi = {10.1145/3025453.3025777},
    keywords = {Similarity, decision making, temporal event analytics, temporal visualization, visual analytics}
}

@article{Romero2014FitNets:Nets,
    title = {{FitNets: Hints for Thin Deep Nets}},
    year = {2014},
    author = {Romero, Adriana and Ballas, Nicolas and Kahou, Samira Ebrahimi and Chassang, Antoine and Gatta, Carlo and Bengio, Yoshua},
    pages = {1--13},
    url = {http://arxiv.org/abs/1412.6550},
    isbn = {9781605582054},
    doi = {10.1145/1390156.1390294},
    issn = {1605582050},
    pmid = {15540460},
    arxivId = {1412.6550}
}

@article{Yarrow2004FixingTodd,
    title = {{Fixing the Program My Computer Learned: Barriers for End Users, Barriers for the Machine Todd}},
    year = {2004},
    journal = {Openaccess.City.Ac.Uk},
    author = {Yarrow, K and Sverdrup-Stueland, I},
    number = {May},
    pages = {552--567},
    volume = {47},
    url = {http://openaccess.city.ac.uk/3034/1/SensorimotorRecal_FinalSubmitted.pdf},
    isbn = {1412920388},
    doi = {10.1007/978-3-540-25939-8},
    issn = {17411068},
    arxivId = {arXiv:0706.3384v2}
}

@misc{English2002FlexibleMetadata,
    title = {{Flexible Search and Navigation Using Faceted Metadata}},
    year = {2002},
    author = {English, Jennifer and Hearst, Marti and Sinha, Rashmi and Swearingen, Kirsten and Yee, Ka-Ping}
}

@article{Klein2002FromClustering,
    title = {{From instance-level constraints to space-level constraints: Making the most of prior knowledge in data clustering}},
    year = {2002},
    journal = {Int. Conf. Mach. Learn.},
    author = {Klein, Dan and Kamvar, Sepandar D and Manning, Christopher D},
    pages = {307--314},
    isbn = {1-55860-873-7}
}

@article{Akcay2018GANomaly:Training,
    title = {{GANomaly: Semi-Supervised Anomaly Detection via Adversarial Training}},
    year = {2018},
    author = {Akcay, Samet and Atapour-Abarghouei, Amir and Breckon, Toby P.},
    pages = {1--16},
    url = {http://arxiv.org/abs/1805.06725},
    doi = {arXiv:1805.06725v3},
    arxivId = {1805.06725},
    keywords = {anomaly detection, genera-, semi-supervised learning, tive adversarial networks, x-ray security imagery}
}

@misc{2016Gartner2016,
    title = {{Gartner Says Worldwide Business Intelligence and Analytics Market to Reach {\$}16.9 Billion in 2016}},
    year = {2016},
    booktitle = {Press release from Gartner, Inc.},
    month = {2},
    address = {Sydney}
}

@misc{TheEuropeanParliamentandTheCouncilofTheEuropeanUnion2016GeneralRegulation,
    title = {{General Data Protection Regulation}},
    year = {2016},
    booktitle = {Official Journal of the European Union},
    author = {{The European Parliament and The Council of The European Union}},
    isbn = {683/2004},
    doi = {http://eur-lex.europa.eu/pri/en/oj/dat/2003/l{\_}285/l{\_}28520031101en00330037.pdf},
    issn = {1098-6596},
    pmid = {25246403},
    arxivId = {arXiv:1011.1669v3}
}

@article{Goodfellow2014GenerativeVersion,
    title = {{Generative Adversarial Nets (NIPS version)}},
    year = {2014},
    journal = {Advances in Neural Information Processing Systems 27},
    author = {Goodfellow, Ian and Pouget-Abadie, Jean and Mirza, Mehdi and Xu, Bing and Warde-Farley, David and Ozair, Sherjil and Courville, Aaron and Bengio, Yoshua},
    isbn = {1406.2661},
    doi = {10.1001/jamainternmed.2016.8245},
    issn = {10495258},
    arxivId = {arXiv:1406.2661v1}
}

@article{Choe2018GenerativeCo-localization,
    title = {{Generative Adversarial Networks for Unsupervised Object Co-localization}},
    year = {2018},
    author = {Choe, Junsuk and Park, Joo Hyun and Shim, Hyunjung},
    url = {http://arxiv.org/abs/1806.00236},
    issn = {01633767},
    arxivId = {1806.00236}
}

@article{Pennington2014GloVe:Representation,
    title = {{GloVe: Global Vectors for Word Representation}},
    year = {2014},
    journal = {Proceedings of the 2014 Conference on Empirical Methods in Natural Language Processing},
    author = {Pennington, Jeffrey and Socher, Richard and Manning, Christopher D},
    pages = {1532--1543},
    isbn = {9781937284961},
    doi = {10.3115/v1/D14-1162},
    issn = {10495258},
    pmid = {1710995},
    arxivId = {1504.06654}
}

@inproceedings{Selvaraju2017Grad-CAM:Localization,
    title = {{Grad-CAM: Visual Explanations from Deep Networks via Gradient-Based Localization}},
    year = {2017},
    booktitle = {Proceedings of the IEEE International Conference on Computer Vision},
    author = {Selvaraju, Ramprasaath R. and Cogswell, Michael and Das, Abhishek and Vedantam, Ramakrishna and Parikh, Devi and Batra, Dhruv},
    isbn = {9781538610329},
    doi = {10.1109/ICCV.2017.74},
    issn = {15505499}
}

@article{Fruchterman1991GraphPlacement,
    title = {{Graph drawing by force‐directed placement}},
    year = {1991},
    journal = {Software: Practice and Experience},
    author = {Fruchterman, Thomas M.J. and Reingold, Edward M.},
    number = {11},
    pages = {1129--1164},
    volume = {21},
    isbn = {1097-024X},
    doi = {10.1002/spe.4380211102},
    issn = {1097024X},
    pmid = {21173454},
    arxivId = {0038–0644/91/111129–36},
    keywords = {Force‐directed placement, Graph drawing, Multi‐level techniques, Simulated annealing}
}

@inproceedings{Yang2018GroundingModels,
    title = {{Grounding Interactive Machine Learning Tool Design in How Non-Experts Actually Build Models}},
    year = {2018},
    booktitle = {Proceedings of the 2018 on Designing Interactive Systems Conference 2018  - DIS '18},
    author = {Yang, Qian and Suh, Jina and Chen, Nan-Chen and Ramos, Gonzalo},
    isbn = {9781450351980},
    doi = {10.1145/3196709.3196729}
}

@inproceedings{Rodrigues2011Group-in-a-boxCommunities,
    title = {{Group-in-a-box layout for multi-faceted analysis of communities}},
    year = {2011},
    booktitle = {Proceedings - 2011 IEEE International Conference on Privacy, Security, Risk and Trust and IEEE International Conference on Social Computing, PASSAT/SocialCom 2011},
    author = {Rodrigues, Eduarda Mendes and Milic-Frayling, Natasa and Smith, Marc and Shneiderman, Ben and Hansen, Derek},
    pages = {354--361},
    isbn = {9780769545783},
    doi = {10.1109/PASSAT/SocialCom.2011.139},
    keywords = {Clustering, Communities, Force-directed, Group-in-a-box, Layout, Meta-layout, Network visualization, Semantic substrates}
}

@inproceedings{Resnick1994GroupLens:Netnews,
    title = {{GroupLens: An Open Architecture for Collaborative Filtering of Netnews}},
    year = {1994},
    booktitle = {Proceedings of the 1994 ACM conference on Computer supported cooperative work - CSCW '94},
    author = {Resnick, Paul and Iacovou, Neophytos and Suchak, Mitesh and Bergstrom, Peter and Riedl, John T.},
    isbn = {0897916891},
    doi = {10.1145/192844.192905},
    issn = {00027863},
    pmid = {16462440},
    arxivId = {111},
    keywords = {collaborative filtering, electronic bulletin boards, information filtering, netnews, selective dissemination of information, social filtering, usenet, user model}
}

@inproceedings{Drucker2011HelpingRecommendations,
    title = {{Helping Users Sort Faster with Adaptive Machine Learning Recommendations}},
    year = {2011},
    booktitle = {Proceedings of the 13th IFIP TC 13 International Conference on Human-computer Interaction - Volume Part III},
    author = {Drucker, Steven M. and Fisher, Danyel and Basu, Sumit},
    pages = {187–203},
    series = {INTERACT'11},
    publisher = {Springer-Verlag},
    address = {Berlin},
    isbn = {978-3-642-23764-5}
}

@article{Griffiths2004HierarchicalProcess,
    title = {{Hierarchical topic models and the nested Chinese restaurant process}},
    year = {2004},
    journal = {Advances in neural information processing systems},
    author = {Griffiths, DMBTL and Tenenbaum, MIJJB},
    pages = {17},
    volume = {16}
}

@article{Blei2004HierarchicalProcess,
    title = {{Hierarchical topic models and the nested Chinese restaurant process}},
    year = {2004},
    journal = {Advances in neural information processing systems},
    author = {Blei, D. and Griffiths, T.L. and Jordan, M.I. and Tenenbaum, J.B.},
    pages = {106},
    volume = {16},
    url = {http://scholar.google.com/scholar?hl=en&btnG=Search&q=intitle:Hierarchical+Topic+Models+and+the+Nested+Chinese+Restaurant+Process#0},
    isbn = {0262201526},
    doi = {10.1016/0169-023X(89)90004-9},
    issn = {0169023X},
    pmid = {25122015},
    arxivId = {arXiv:0710.0845v2}
}

@article{Dou2013HierarchicalTopics:Hierarchies,
    title = {{HierarchicalTopics: Visually exploring large text collections using topic hierarchies}},
    year = {2013},
    journal = {IEEE Transactions on Visualization and Computer Graphics},
    author = {Dou, Wenwen and Yu, Li and Wang, Xiaoyu and Ma, Zhiqiang and Ribarsky, William},
    isbn = {1077-2626},
    doi = {10.1109/TVCG.2013.162},
    issn = {10772626},
    pmid = {24051766},
    keywords = {Hierarchical topic representation, rose tree, topic modeling, visual analytics}
}

@book{Smith2014Hierarchie:Models,
    title = {{Hi´erarchie: Interactive Visualization for Hierarchical Topic Models}},
    year = {2014},
    booktitle = {Proceedings of the Workshop on Interactive Language Learning, Visualization, and Interfaces, pages 71–78, Baltimore, Maryland, USA, June 27, 2014.},
    author = {Smith, Alison and Hawes, Timothy and Myers, Meredith},
    pages = {71--78},
    isbn = {9781941643150}
}

@article{Narayanan2018HowExplanation,
    title = {{How do Humans Understand Explanations from Machine Learning Systems? An Evaluation of the Human-Interpretability of Explanation}},
    year = {2018},
    author = {Narayanan, Menaka and Chen, Emily and He, Jeffrey and Kim, Been and Gershman, Sam and Doshi-Velez, Finale},
    pages = {1--21},
    url = {http://arxiv.org/abs/1802.00682},
    arxivId = {1802.00682}
}

@unpublished{Boudin2016HowPerformance,
    title = {{How Document Pre-processing Affects Keyphrase Extraction Performance}},
    year = {2016},
    author = {Boudin, F and Mougard, H}
}

@article{Norman1994HowAgents,
    title = {{How might people interact with agents}},
    year = {1994},
    journal = {Communications of the ACM},
    author = {Norman, Donald A},
    number = {7},
    pages = {68--71},
    volume = {37},
    url = {http://doi.acm.org/10.1145/176789.176796},
    isbn = {0001-0782},
    doi = {10.1145/176789.176796},
    issn = {00010782},
    pmid = {8380674841994724857}
}

@misc{HulusBlog,
    title = {{Hulu’s Recommendation System « Hulu Tech Blog}}
}

@article{Sheridan1978HumanTeleoperators,
    title = {{Human and Computer Control of Undersea Teleoperators}},
    year = {1978},
    journal = {ManMachine Systems Lab Department of Mechanical Engineering MIT Grant N0001477C0256},
    author = {Sheridan, Thomas B and Verplank, William L.},
    number = {DECEMBER 1978},
    pages = {343},
    isbn = {0315737948},
    doi = {10.1080/02724634.1993.10011505},
    issn = {02624079},
    pmid = {5322634}
}

@inproceedings{Biran2017Human-centricPredictions,
    title = {{Human-centric justification of machine learning predictions}},
    year = {2017},
    booktitle = {IJCAI International Joint Conference on Artificial Intelligence},
    author = {Biran, Or and McKeown, Kathleen},
    isbn = {9780999241103},
    issn = {10450823}
}

@inproceedings{Lage2018Human-in-the-loopPrior,
    title = {{Human-in-the-loop interpretability prior}},
    year = {2018},
    booktitle = {Advances in Neural Information Processing Systems},
    author = {Lage, Isaac and Ross, Andrew Slavin and Kim, Been and Gershman, Samuel J. and Doshi-Velez, Finale},
    issn = {10495258}
}

@inproceedings{Ward2017Human-machineDatasets,
    title = {{Human-machine interaction to disambiguate entities in unstructured text and structured datasets}},
    year = {2017},
    booktitle = {SPIE Conference on Next-Generation Analyst V},
    author = {Ward, Kevin and Davenport, Jack}
}

@article{Krizhevsky2012ImageNetNetworks,
    title = {{ImageNet Classification with Deep Convolutional Neural Networks}},
    year = {2012},
    journal = {Advances in Neural Information Processing Systems 25 (NIPS2012)},
    author = {Krizhevsky, Alex and Sutskever, Ilya and Geoffrey E., Hinton},
    pages = {1–9},
    url = {https://papers.nips.cc/paper/4824-imagenet-classification-with-deep-convolutional-neural-networks.pdf},
    isbn = {9781627480031},
    doi = {10.1109/5.726791},
    issn = {10495258},
    pmid = {15823584},
    arxivId = {1102.0183}
}

@inproceedings{Kangasraasio2015ImprovingSearch,
    title = {{Improving Controllability and Predictability of Interactive Recommendation Interfaces for Exploratory Search}},
    year = {2015},
    booktitle = {Proceedings of the International Conference on Intelligent User Interfaces},
    author = {Kangasr{\"{a}}{\"{a}}si{\"{o}}, Antti and G{\l}owacka, Dorota and Kaski, Samuel},
    pages = {247--251},
    isbn = {9781450333061},
    doi = {10.1145/2678025.2701371},
    keywords = {Controllability, exploratory search, information retrieval, interactive user modelling, predictability, probabilistic user models, user interfaces}
}

@inproceedings{Nguyen2015ImprovingModeling,
    title = {{Improving Topic Coherence with Latent Feature Word Representations in MAP Estimation for Topic Modeling}},
    year = {2015},
    booktitle = {Proceedings of the Australasian Language Technology Association Workshop 2015 (ALTA)},
    author = {Nguyen, Dat Quoc and Sirts, Kairit and Johnson, Mark},
    keywords = {LDA, MAP estimation, topic coherence, topic model, word vectors}
}

@inproceedings{Newman2011ImprovingModels,
    title = {{Improving Topic Coherence with Regularized Topic Models}},
    year = {2011},
    booktitle = {Proceedings NIPS 2011},
    author = {Newman, D and Bonilla, Edwin and Buntine, Wray},
    pages = {1--9},
    url = {http://eprints.pascal-network.org/archive/00009047/},
    isbn = {9781618395993},
    keywords = {LDA, regularisation, topic modelling}
}

@inproceedings{Andrzejewski2009IncorporatingPriors.,
    title = {{Incorporating Domain Knowledge into Topic Modeling via Dirichlet Forest Priors.}},
    year = {2009},
    booktitle = {Proceedings of the International Conference on Machine Learning},
    author = {Andrzejewski, David and Zhu, Xiaojin and Craven, Mark},
    number = {26},
    pages = {25--32},
    volume = {382},
    url = {http://www.pubmedcentral.nih.gov/articlerender.fcgi?artid=2943854&tool=pmcentrez&rendertype=abstract},
    isbn = {978-1-60558-516-1},
    doi = {10.1145/1553374.1553378},
    issn = {1605585165},
    pmid = {20871805},
    arxivId = {NIHMS150003}
}

@inproceedings{Xie2015IncorporatingModeling,
    title = {{Incorporating Word Correlation Knowledge into Topic Modeling}},
    year = {2015},
    booktitle = {North American Association of Computational Linguistics},
    author = {Xie, Pengtao and Yang, Diyi and Xing, Eric P},
    pages = {725--734},
    url = {http://www.cs.cmu.edu/~pengtaox/papers/naacl15_mrflda.pdf%0Ahttp://aclweb.org/anthology/N/N15/N15-1074.pdf},
    isbn = {9781941643495}
}

@inproceedings{Stowers2017InsightsUncertainty,
    title = {{Insights into human-agent teaming: Intelligent agent transparency and uncertainty}},
    year = {2017},
    booktitle = {Advances in Intelligent Systems and Computing},
    author = {Stowers, Kimberly and Kasdaglis, Nicholas and Rupp, Michael and Chen, Jessie and Barber, Daniel and Barnes, Michael},
    pages = {149--160},
    volume = {499},
    isbn = {9783319419589},
    doi = {10.1007/978-3-319-41959-6{\_}13},
    issn = {21945357},
    keywords = {Human factors, Human-Machine interaction, Supervisory control, Systems engineering, Transparency, Unmanned vehicles}
}

@article{Holmqvist2017IntelligenceMaterial,
    title = {{Intelligence on tap: artificial intelligence as a new design material}},
    year = {2017},
    journal = {Interactions},
    author = {Holmqvist, Lars Erik},
    pages = {28--33},
    doi = {https://doi.org/10.1145/3085571}
}

@article{Holmquist2017IntelligenceMaterial,
    title = {{Intelligence on tap: artificial intelligence as a new design material}},
    year = {2017},
    journal = {interactions},
    author = {Holmquist, Lars Erik},
    number = {4},
    month = {6},
    pages = {28--33},
    volume = {24},
    doi = {10.1145/3085571},
    issn = {10725520},
    language = {en}
}

@article{Swearingen2002InteractionSystems,
    title = {{Interaction design for recommender systems}},
    year = {2002},
    journal = {Designing Interactive Systems},
    author = {Swearingen, Kirsten and Sinha, Rashmi},
    pages = {1--10},
    url = {http://citeseerx.ist.psu.edu/viewdoc/summary?doi=10.1.1.15.7347%5Cnhttp://citeseerx.ist.psu.edu/viewdoc/download?doi=10.1.1.15.7347&rep=rep1&type=pdf},
    doi = {10.1.1.15.7347},
    issn = {09501991},
    pmid = {8575335},
    keywords = {evaluation, information retrieval, studies, usability studies, user, world wide web}
}

@article{Fails2003InteractiveLearning,
    title = {{Interactive machine learning}},
    year = {2003},
    journal = {Proceedings of the 8th international conference on Intelligent user interfaces IUI 03},
    author = {Fails, Jerry Alan and Olsen, Dan R},
    pages = {39--45},
    url = {http://portal.acm.org/citation.cfm?doid=604045.604056},
    isbn = {1581135866},
    doi = {10.1145/604045.604056},
    keywords = {creating a satisfactory classifier, first foremost, however, implementation such a, machine learning, perceptive user interfaces, poses many, problem rapidly, problems, simple solution, tool}
}

@article{Fails2003InteractiveLearningb,
    title = {{Interactive machine learning}},
    year = {2003},
    journal = {Proceedings of the 8th international conference on Intelligent user interfaces IUI 03},
    author = {Fails, Jerry Alan and Olsen, Dan R},
    pages = {39--45},
    url = {http://portal.acm.org/citation.cfm?doid=604045.604056},
    isbn = {1581135866},
    doi = {10.1145/604045.604056},
    issn = {1913-8997},
    keywords = {creating a satisfactory classifier, first foremost, however, implementation such a, machine learning, perceptive user interfaces, poses many, problem rapidly, problems, simple solution, tool}
}

@inproceedings{Fails2003InteractiveLearningc,
    title = {{Interactive machine learning}},
    year = {2003},
    booktitle = {International Conference on Intelligent User Interfaces, Proceedings IUI},
    author = {Fails, Jerry Alan and Olsen, Dan R.},
    keywords = {Classification, Image processing, Interaction, Machine learning, Perceptive user interfaces}
}

@article{Porter2013InteractiveExploitation,
    title = {{Interactive machine learning in data exploitation}},
    year = {2013},
    journal = {Computing in Science and Engineering},
    author = {Porter, Reid and Theiler, James and Hush, Don},
    number = {5},
    pages = {12--20},
    volume = {15},
    doi = {10.1109/MCSE.2013.74},
    issn = {15219615},
    keywords = {interactive systems, machine learning, pattern recognition, scientific computing}
}

@inproceedings{Riehmann2005InteractiveDiagrams,
    title = {{Interactive sankey diagrams}},
    year = {2005},
    booktitle = {Proceedings - IEEE Symposium on Information Visualization, INFO VIS},
    author = {Riehmann, Patrick and Hanfler, Manfred and Froehlich, Bernd},
    pages = {233--240},
    isbn = {078039464X},
    doi = {10.1109/INFVIS.2005.1532152},
    issn = {1522404X},
    keywords = {Flow diagram, Sankey diagram}
}

@article{Hu2014InteractiveModeling,
    title = {{Interactive Topic Modeling}},
    year = {2014},
    journal = {Machine Learning},
    author = {Hu, Yuening and Boyd-Graber, Jordan and Satinoff, Brianna and Smith, Alison},
    number = {3},
    month = {6},
    pages = {423--469},
    volume = {95},
    doi = {10.1007/s10994-013-5413-0},
    issn = {0885-6125}
}

@article{Hu2014InteractiveModelingb,
    title = {{Interactive topic modeling}},
    year = {2014},
    journal = {Machine Learning},
    author = {Hu, Yuening and Boyd-Graber, Jordan and Satinoff, Brianna and Smith, Alison},
    number = {3},
    month = {6},
    pages = {423--469},
    volume = {95},
    doi = {10.1007/s10994-013-5413-0},
    issn = {0885-6125, 1573-0565},
    language = {en}
}

@inproceedings{Bakharia2016InteractiveAnalysis,
    title = {{Interactive Topic Modeling for aiding Qualitative Content Analysis}},
    year = {2016},
    booktitle = {Proceedings of the 2016 ACM Conference on Human Information Interaction and Retrieval},
    author = {Bakharia, Aneesha and Bruza, Peter and Watters, Jim and Narayan, Bhuva and Sitbon, Laurianne},
    pages = {213--222},
    url = {http://dl.acm.org/citation.cfm?doid=2854946.2854960},
    isbn = {9781450337519},
    doi = {10.1145/2854946.2854960}
}

@inproceedings{BakhariaInteractiveAnalysis,
    title = {{Interactive Topic Modeling for aiding Qualitative Content Analysis}},
    booktitle = {Proceedings of the 2016 ACM Conference on Human Information Interaction and Retrieval,},
    author = {Bakharia, A. and Bruza, P. and Watters, J. and Narayan, B. and Sitbon, L.},
    pages = {213--222}
}

@article{Hoque2016InteractiveConversations,
    title = {{Interactive Topic Modeling for Exploring Asynchronous Online Conversations}},
    year = {2016},
    journal = {ACM Transactions on Interactive Intelligent Systems},
    author = {Hoque, Enamul and Carenini, Giuseppe},
    number = {1},
    pages = {1--24},
    volume = {6},
    url = {http://dl.acm.org/citation.cfm?doid=2896319.2854158},
    isbn = {9781450333061},
    doi = {10.1145/2854158},
    issn = {21606455}
}

@inproceedings{Lim2011InvestigatingApplications,
    title = {{Investigating intelligibility for uncertain context-aware applications}},
    year = {2011},
    booktitle = {Proceedings of the 13th international conference on Ubiquitous computing - UbiComp '11},
    author = {Lim, Brian Y. and Dey, Anind K.},
    pages = {415},
    url = {http://dl.acm.org/citation.cfm?doid=2030112.2030168},
    isbn = {9781450306300},
    doi = {10.1145/2030112.2030168}
}

@inproceedings{Saeidi2015ITMViz:Analysis,
    title = {{ITMViz: Interactive Topic Modeling for Source Code Analysis}},
    year = {2015},
    booktitle = {Proceedings of the IEEE International Conference on Program Comprehension},
    author = {Saeidi, Amir M. and Hage, Jurriaan and Khadka, Ravi and Jansen, Slinger},
    pages = {295--298},
    isbn = {9781467381598},
    doi = {10.1109/ICPC.2015.44},
    keywords = {LDA, Program Analysis, Topic Modeling}
}

@inproceedings{Saeidi2015ITMViz:Analysisb,
    title = {{ITMViz: interactive topic modeling for source code analysis}},
    year = {2015},
    booktitle = {Proceedings of the IEEE International Conference on Program Comprehension},
    author = {Saeidi, A. M. and Hage, J. and Khadka, R. and Jansen, S.}
}

@article{Lee2012IVisClustering:Modeling,
    title = {{iVisClustering: An Interactive Visual Document Clustering via Topic Modeling}},
    year = {2012},
    journal = {Computer Graphics Forum},
    author = {Lee, Hanseung and Kihm, Jaeyeon and Choo, Jaegul and Stasko, John and Park, Haesun},
    number = {3pt3},
    pages = {1155--1164},
    volume = {31},
    url = {http://doi.wiley.com/10.1111/j.1467-8659.2012.03108.x},
    isbn = {1467-8659},
    doi = {10.1111/j.1467-8659.2012.03108.x},
    issn = {01677055}
}

@article{Lee2012IVisClustering:Modelingb,
    title = {{iVisClustering: An Interactive Visual Document Clustering via Topic Modeling}},
    year = {2012},
    journal = {Computer Graphics Forum},
    author = {Lee, Hanseung and Kihm, Jaeyeon and Choo, Jaegul and Stasko, John and Park, Haesun},
    number = {3pt3},
    pages = {1155--1164},
    volume = {31},
    url = {http://doi.wiley.com/10.1111/j.1467-8659.2012.03108.x},
    isbn = {1467-8659},
    doi = {10.1111/j.1467-8659.2012.03108.x},
    issn = {01677055}
}

@inproceedings{Lin2009JointAnalysis,
    title = {{Joint sentiment/topic model for sentiment analysis}},
    year = {2009},
    booktitle = {Proceeding of the 18th ACM conference on Information and knowledge management - CIKM '09},
    author = {Lin, Chenghua and He, Yulan},
    pages = {375},
    url = {http://portal.acm.org/citation.cfm?doid=1645953.1646003},
    isbn = {9781605585123},
    doi = {10.1145/1645953.1646003},
    issn = {9781605585123}
}

@inproceedings{Xu2015JointlyFramework,
    title = {{Jointly modeling deep video and compositional text to bridge vision and language in a unified framework}},
    year = {2015},
    booktitle = {Proceedings of AAAI Conference on Artificial Intelligence},
    author = {Xu, Ran and Xiong, Caiming and Chen, Wei and Corso, JJ},
    pages = {2346--2352},
    url = {http://www.aaai.org/ocs/index.php/AAAI/AAAI15/paper/view/9734%5Cnhttp://www.acsu.buffalo.edu/~rxu2/xu_corso_AAAI2015_v2t.pdf},
    isbn = {9781577357018},
    issn = {9781577357018}
}

@article{Poesio2005KappaBeta,
    title = {{Kappa 3 = Alpha (or Beta)}},
    year = {2005},
    journal = {University of Essex NLE Technote},
    author = {Poesio, Ron Artstein and Massimo},
    number = {September},
    pages = {1--40},
    volume = {1},
    url = {http://www.cs.pitt.edu/~wiebe/courses/CS3730/Fall08/poesioTechReportKappaCubed.pdf%5Cnpapers2://publication/uuid/F37A7D18-90E8-453B-9415-D0A821BF589D},
    keywords = {corpus annotation, reliability, kappa, alpha, agre}
}

@article{Witten1999KEA:Extraction,
    title = {{KEA: Practical Automatic Keyphrase Extraction}},
    year = {1999},
    journal = {In Proceedings of the fourth ACM conference on Digital libraries, ACM},
    author = {Witten, Ian H. and Paynter, Gordon W. and Frank, Eibe and Gutwin, Carl and Nevill-Manning, Craig G.},
    pages = {254--261},
    url = {http://arxiv.org/abs/cs/9902007},
    isbn = {1581131453},
    doi = {10.1.1.17.7577},
    arxivId = {cs/9902007}
}

@inproceedings{Ramage2009LabeledCorpora,
    title = {{Labeled LDA: A Supervised Topic Model for Credit Attribution in Multi-labeled Corpora}},
    year = {2009},
    booktitle = {Proceedings of the 2009 Conference on Empirical Methods in Natural Language Processing: Volume 1 - Volume 1},
    author = {Ramage, Daniel and Hall, David and Nallapati, Ramesh and Manning, Christopher D.},
    pages = {248–256},
    series = {EMNLP '09},
    publisher = {Association for Computational Linguistics},
    address = {Stroudsburg},
    isbn = {978-1-932432-59-6}
}

@article{Aletras2014LabellingMethods,
    title = {{Labelling Topics using Unsupervised Graph-based Methods}},
    year = {2014},
    journal = {Proceedings of the 52nd Annual Meeting of the Association for Computational Linguistics (Volume 2: Short Papers)},
    author = {Aletras, Nikolaos and Stevenson, Mark and Court, Regent},
    pages = {631--636},
    url = {http://www.aclweb.org/anthology/P/P14/P14-2103},
    isbn = {9781937284732}
}

@article{Kim2012LatentClassification,
    title = {{Latent acoustic topic models for unstructured audio classification}},
    year = {2012},
    journal = {Journal of Institutional Economics},
    author = {Kim, Samuel and Georgiou, Panayiotis and Narayanan, Shrikanth},
    number = {2},
    volume = {1},
    isbn = {2048770312},
    doi = {10.1017/ATSIP.2012.7},
    issn = {17441382},
    keywords = {Acoustic topic models, Audio information retrieval, Latent topic models, Unstructured Audio, text-like audio signal processing}
}

@article{Blei2003LatentAllocation,
    title = {{Latent Dirichlet Allocation}},
    year = {2003},
    journal = {The Journal of Machine Learning Research},
    author = {Blei, David M. and Ng, Andrew Y. and Jordan, Michael I.},
    number = {1},
    pages = {993--1022},
    volume = {3},
    url = {http://dl.acm.org/citation.cfm?id=944919.944937},
    isbn = {9781577352815},
    doi = {10.1162/jmlr.2003.3.4-5.993},
    issn = {1532-4435},
    pmid = {21362469},
    arxivId = {1111.6189v1},
    keywords = {Artificial intelligence, Computing methodologies, Language resources, Learning settings, Machine learning, Machine learning approaches, Natural language processing, Neural networks}
}

@inproceedings{Wei2006LDA-basedRetrieval,
    title = {{LDA-based Document Models for Ad-hoc Retrieval}},
    year = {2006},
    booktitle = {Proceedings of the 29th Annual International ACM SIGIR Conference on Research and Development in Information Retrieval},
    author = {Wei, Xing and Croft, W. Bruce},
    pages = {178–185},
    series = {SIGIR '06},
    publisher = {ACM},
    address = {New York},
    isbn = {1-59593-369-7},
    doi = {10.1145/1148170.1148204}
}

@article{Sievert2014LDAvis:Topics,
    title = {{LDAvis: A method for visualizing and interpreting topics}},
    year = {2014},
    journal = {Proceedings of the Workshop on Interactive Language Learning, Visualization, and Interfaces},
    author = {Sievert, Carson and Shirley, Kenneth},
    pages = {63--70},
    url = {http://www.aclweb.org/anthology/W/W14/W14-3110},
    isbn = {1932432655},
    doi = {10.1.1.100.1089},
    issn = {10495258},
    pmid = {25246403},
    arxivId = {arXiv:1011.1669v3}
}

@article{Si2013LearningDetection,
    title = {{Learning and-or templates for object recognition and detection}},
    year = {2013},
    journal = {IEEE Transactions on Pattern Analysis and Machine Intelligence},
    author = {Si, Zhangzhang and Zhu, Song Chun},
    doi = {10.1109/TPAMI.2013.35},
    issn = {01628828},
    keywords = {Deformable templates, image grammar, information projection, object recognition}
}

@inproceedings{Tokmakov2017LearningVideos,
    title = {{Learning motion patterns in videos}},
    year = {2017},
    booktitle = {Proceedings - 30th IEEE Conference on Computer Vision and Pattern Recognition, CVPR 2017},
    author = {Tokmakov, Pavel and Alahari, Karteek and Schmid, Cordelia},
    isbn = {9781538604571},
    doi = {10.1109/CVPR.2017.64},
    issn = {13697412},
    arxivId = {1612.07217}
}

@inproceedings{Brendel2011LearningActivities,
    title = {{Learning spatiotemporal graphs of human activities}},
    year = {2011},
    booktitle = {Proceedings of the IEEE International Conference on Computer Vision},
    author = {Brendel, William and Todorovic, Sinisa},
    pages = {778--785},
    isbn = {9781457711015},
    doi = {10.1109/ICCV.2011.6126316},
    issn = {1550-5499}
}

@article{Buder2012LearningView,
    title = {{Learning with personalized recommender systems: A psychological view}},
    year = {2012},
    journal = {Computers in Human Behavior},
    author = {Buder, Jürgen and Schwind, Christina},
    isbn = {0747-5632},
    doi = {10.1016/j.chb.2011.09.002},
    issn = {07475632},
    pmid = {18244404},
    arxivId = {1202.1112},
    keywords = {Learning, Recommender systems}
}

@article{Awasthi2017LocalClustering,
    title = {{Local algorithms for interactive clustering}},
    year = {2017},
    journal = {Journal of Machine Learning Research},
    author = {Awasthi, Pranjal and Balcan, Maria Florina and Voevodski, Konstantin},
    issn = {15337928}
}

@article{Wu2019LocalAnalysis,
    title = {{Local decision pitfalls in interactive machine learning: An investigation into feature selection in sentiment analysis}},
    year = {2019},
    journal = {ACM Transactions on Computer-Human Interaction},
    author = {Wu, Tongshuang and Weld, Daniel S. and Heer, Jeffrey},
    doi = {10.1145/3319616},
    issn = {15577325},
    keywords = {Machine learning, Performance analysis, Text classification}
}

@misc{Lefcourt1991LocusControl.,
    title = {{Locus of control.}},
    year = {1991},
    booktitle = {Measures of personality and social psychological attitudes},
    author = {Lefcourt, Herbert M},
    pages = {413--499},
    isbn = {0-12-590241-7 (Hardcover); 0-12-590244-1 (Paperback)},
    doi = {10.1016/B978-0-12-590241-0.50013-7},
    keywords = {*Attitude Measures, *Internal External Locus of Control, *Rating Scales, Alcohol Drinking Patterns, Health, Intellectual Development, Interpersonal Control, Marital Relations, Parental Role, Psychosexual Behavior, Rotter Internal External Locus of Control Scale, Weight Control}
}

@inproceedings{Lau2014MachineQuality,
    title = {{Machine Reading Tea Leaves : Automatically Evaluating Topic Coherence and Topic Model Quality}},
    year = {2014},
    booktitle = {Proceedings of the Conference of the European Chapter of the Association for Computational Linguistics},
    author = {Lau, Jey Han and Newman, David and Baldwin, Timothy},
    pages = {530--539},
    url = {http://www.aclweb.org/anthology/E14-1056},
    isbn = {9781632663962}
}

@article{Poursabzi-Sangdeh2018ManipulatingInterpretability,
    title = {{Manipulating and Measuring Model Interpretability}},
    year = {2018},
    author = {Poursabzi-Sangdeh, Forough and Goldstein, Daniel G. and Hofman, Jake M. and Vaughan, Jennifer Wortman and Wallach, Hanna},
    pages = {1--20},
    url = {http://arxiv.org/abs/1802.07810},
    arxivId = {1802.07810}
}

@inproceedings{Daume2009MarkovFields,
    title = {{Markov Random Topic Fields}},
    year = {2009},
    booktitle = {Proceedings of the ACL-IJCNLP 2009 Conference Short Papers},
    author = {Daum{\'{e}}, Hal},
    pages = {293–296},
    series = {ACLShort '09},
    publisher = {Association for Computational Linguistics},
    address = {Stroudsburg}
}

@inproceedings{Schein2002MethodsRecommendations,
    title = {{Methods and metrics for cold-start recommendations}},
    year = {2002},
    booktitle = {Proceedings of the 25th annual international ACM SIGIR conference on Research and development in information retrieval  - SIGIR '02},
    author = {Schein, Andrew I. and Popescul, Alexandrin and Ungar, Lyle H. and Pennock, David M.},
    isbn = {1581135610},
    doi = {10.1145/564376.564421},
    issn = {01635840},
    pmid = {16410360}
}

@inproceedings{Rashid2006MotivatingContribution,
    title = {{Motivating Participation by Displaying the Value of Contribution}},
    year = {2006},
    booktitle = {Proceedings of the SIGCHI conference on Human Factors in computing systems},
    author = {Rashid, Al M. and Ling, Kimberly and Tassone, Regina D. and Resnick, Paul and Kraut, Robert and Riedl, John},
    pages = {955--958},
    url = {http://portal.acm.org/citation.cfm?doid=1124772.1124915},
    isbn = {1595933727},
    doi = {10.1145/1124772.1124915},
    issn = {1-59593-372-7}
}

@article{Boyd-Graber2009MultilingualText,
    title = {{Multilingual topic models for unaligned text}},
    year = {2009},
    journal = {Proceedings of the Twenty-Fifth Conference on Uncertainty in Artificial Intelligence},
    author = {Boyd-Graber, Jordan and Blei, David M},
    pages = {75--82},
    url = {http://dl.acm.org/citation.cfm?id=1795124},
    isbn = {978-0-9749039-5-8},
    doi = {10.1145/1143844.1143859},
    arxivId = {1205.2657}
}

@inproceedings{Bruemmer2002MutualTeams,
    title = {{Mutual initiative in human-machine teams}},
    year = {2002},
    booktitle = {Proceedings of the IEEE 7th Conference on Human Factors and Power Plants},
    author = {Bruemmer, D.J. and Marble, J.L. and Dudenhoeffer, D.D.},
    pages = {22--30},
    isbn = {0-7803-7450-9},
    doi = {10.1109/HFPP.2002.1042863}
}

@misc{Lanier1996MyAgents,
    title = {{My Problems with Agents}},
    year = {1996},
    booktitle = {Wired},
    author = {Lanier, Jaron}
}

@inproceedings{Lewis1998NaiveBayesatRetrieval,
    title = {{Naive(Bayes)at forty: The independence assumption in information retrieval}},
    year = {1998},
    booktitle = {Lecture Notes in Computer Science (including subseries Lecture Notes in Artificial Intelligence and Lecture Notes in Bioinformatics)},
    author = {Lewis, David D.},
    isbn = {3540644172},
    issn = {16113349}
}

@inproceedings{Gkatzia2016NaturalInformation,
    title = {{Natural language generation enhances human decision-making with uncertain information}},
    year = {2016},
    booktitle = {54th Annual Meeting of the Association for Computational Linguistics, ACL 2016 - Short Papers},
    author = {Gkatzia, Dimitra and Lemon, Oliver and Rieser, Verena},
    isbn = {9781510827592}
}

@incollection{Lang1995NewsWeeder:Netnews,
    title = {{NewsWeeder: Learning to Filter Netnews}},
    year = {1995},
    booktitle = {Machine Learning Proceedings 1995},
    author = {Lang, Ken},
    doi = {10.1016/b978-1-55860-377-6.50048-7}
}

@article{Kuang2015NonnegativeClustering,
    title = {{Nonnegative Matrix Factorization for Interactive Topic Modeling and Document Clustering}},
    year = {2015},
    journal = {Partitional Clustering Algorithms},
    author = {Kuang, D and Choo, J and Park, H},
    pages = {1--28},
    url = {http://www.math.ucla.edu/~dakuang/pub/2015_pca_nmf.pdf%0Ahttp://link.springer.com/chapter/10.1007/978-3-319-09259-1_7},
    isbn = {9783319092591},
    doi = {10.1007/978-3-319-09259-1{\_}7},
    keywords = {Block coordinate descent @BULLET, Document clustering @BULLET, Interactive visual analytics, Nonnegative matrix factorization @BULLET, Topic mod-eling @BULLET}
}

@inproceedings{Bouma2009NormalizedExtraction,
    title = {{Normalized (Pointwise) Mutual Information in Collocation Extraction}},
    year = {2009},
    booktitle = {Proceedings of the Biennial GSCL Conference},
    author = {Bouma, G.},
    pages = {31--40},
    address = {T{\"{u}}bingen}
}

@article{Cutrell2001NotificationPerformance,
    title = {{Notification, Disruption, and Memory: Effects of Messaging Interruptions on Memory and Performance}},
    year = {2001},
    journal = {Conference on Human-Computer Interaction Interact 2001},
    author = {Cutrell, Edward and Czerwinski, Mary and Horvitz, Eric},
    number = {1999},
    pages = {263--269},
    isbn = {1586031880},
    pmid = {8586},
    keywords = {divided attention, information overload, interruptions, notifications, user study}
}

@inproceedings{Asuncion2009OnModels,
    title = {{On Smoothing and Inference for Topic Models}},
    year = {2009},
    booktitle = {Proceedings of the Conference on Uncertainty in Artificial Intelligence},
    author = {Asuncion, Arthur and Welling, Max and Smyth, Padraic and Teh, Yee Whye},
    pages = {27--34},
    url = {http://eprints.pascal-network.org/archive/00006729/},
    isbn = {978-0-9749039-5-8},
    arxivId = {1205.2662},
    keywords = {Computational, Information Retrieval {\&} Textual Information Access, Information-Theoretic Learning with, Learning/Statistics {\&} Optimisation, Natural Language Processing, Theory {\&} Algorithms}
}

@article{Ahn2007OpenHarm,
    title = {{Open user profiles for adaptive news systems: Help or harm?}},
    year = {2007},
    journal = {16th International World Wide Web Conference, WWW2007},
    author = {Ahn, Jae Wook and Brusilovsky, Peter and Grady, Jonathan and He, Daqing and Syn, Sue Yeon},
    pages = {11--20},
    isbn = {1595936548},
    doi = {10.1145/1242572.1242575},
    keywords = {Control, News personalization, Open user model, Trust, User profile}
}

@inproceedings{Cakmak2010OptimalityLearners,
    title = {{Optimality of human teachers for robot learners}},
    year = {2010},
    booktitle = {2010 IEEE 9th International Conference on Development and Learning, ICDL-2010 - Conference Program},
    author = {Cakmak, Maya and Thomaz, Andrea L.},
    pages = {64--69},
    isbn = {9781424469024},
    doi = {10.1109/DEVLRN.2010.5578865}
}

@inproceedings{Mimno2011OptimizingModels,
    title = {{Optimizing Semantic Coherence in Topic Models}},
    year = {2011},
    booktitle = {Proceedings of the Conference on Empirical Methods in Natural Language Processing},
    author = {Mimno, David and Wallach, Hanna M and Talley, Edmund and Leenders, Miriam and McCallum, Andrew},
    number = {2},
    pages = {262--272},
    isbn = {978-1-937284-11-4},
    issn = {1937284115},
    keywords = {topic coherence, topic models, topics evaluation}
}

@article{Mimno2007OrganizingBooks,
    title = {{Organizing the OCA: Learning faceted subjects from a library of digital books}},
    year = {2007},
    journal = {7th ACM/IEEE Joint Conference on Digital Libraries, JCDL 2007: Building and Sustaining the Digital Environment},
    author = {Mimno, D and McCallum, A},
    pages = {376--385},
    url = {http://www.scopus.com/inward/record.url?eid=2-s2.0-36348944093&partnerID=40&md5=5819a4fda6fcac11234e6c4f38a0ece1},
    isbn = {1595936440 (ISBN); 9781595936448 (ISBN)},
    doi = {10.1145/1255175.1255249},
    keywords = {Classification, Classification (of information), Cluster analysis, Data structures, Digital libraries, Indexing (of information), Learning systems, Library-scale corpora, Topic models}
}

@article{Wei2006PachinkoCorrelations,
    title = {{Pachinko allocation: DAG-structured mixture models of topic correlations}},
    year = {2006},
    journal = {ICML '06: Proceedings of the 23rd international conference on Machine learning},
    author = {Wei, Li and McCallum, Andrew},
    number = {April},
    pages = {577--584},
    url = {http://portal.acm.org/citation.cfm?id=1143844.1143917%5Cnpapers2://publication/uuid/EB98AFAB-E656-4EF5-856D-8CFC0ECE966B},
    isbn = {1595933832},
    doi = {10.1145/1143844.1143917},
    issn = {1932-6157},
    pmid = {5118503725860240190},
    arxivId = {arXiv:0712.1486v1}
}

@inproceedings{Dou2011ParallelTopics:Collections,
    title = {{ParallelTopics: A probabilistic approach to exploring document collections}},
    year = {2011},
    booktitle = {2011 IEEE Conference on Visual Analytics Science and Technology (VAST)},
    author = {Dou, Wenwen and Wang, Xiaoyu and Chang, Remco and Ribarsky, William},
    pages = {231--240},
    url = {http://ieeexplore.ieee.org/document/6102461/},
    isbn = {978-1-4673-0014-8},
    doi = {10.1109/VAST.2011.6102461}
}

@misc{Perimeter2022,
    title = {{Perimeter Security Market Analysis, Market Size, Application Analysis, Regional Outlook, Competitive Strategies And Forecast, 2015 To 2022}},
    url = {http://www.grandviewresearch.com/industry-analysis/perimeter-security-market}
}

@inproceedings{Hu2012PersonalizedSupervision,
    title = {{Personalized Document Clustering with Dual Supervision}},
    year = {2012},
    booktitle = {Proceedings of the 2012 ACM Symposium on Document Engineering},
    author = {Hu, Yeming and Milios, Evangelos E. and Blustein, James and Liu, Shali},
    pages = {161–170},
    series = {DocEng '12},
    publisher = {ACM},
    address = {New York},
    isbn = {978-1-4503-1116-8},
    doi = {10.1145/2361354.2361393}
}

@inproceedings{Ahn2015PersonalizedModels,
    title = {{Personalized search: Reconsidering the value of open user models}},
    year = {2015},
    booktitle = {International Conference on Intelligent User Interfaces, Proceedings IUI},
    author = {Ahn, Jae Wook and Brusilovsky, Peter and Han, Shuguang},
    isbn = {9781450333061},
    doi = {10.1145/2678025.2701410},
    keywords = {Adaptive visualization, Concept-based user modeling, Information retrieval, Named-entity, Vibe}
}

@inproceedings{Hu2014PolylingualAdaptation,
    title = {{Polylingual Tree-Based Topic Models for Translation Domain Adaptation}},
    year = {2014},
    booktitle = {Proceedings of the Association for Computational Linguistics.},
    author = {Hu, Yuening and Zhai, Ke and Eidelman, Vlad and Boyd-Graber, Jordan},
    pages = {1166--1176},
    address = {Baltimore}
}

@misc{Amershi2014PowerLearning,
    title = {{Power to the People: The Role of Humans in Interactive Machine Learning}},
    year = {2014},
    booktitle = {AI Magazine},
    author = {Amershi, Saleema and Cakmak, Maya and Knox, William Bradley and Kulesza, Todd},
    number = {4},
    pages = {105--120},
    volume = {35},
    url = {http://aaaipress.org/ojs/index.php/aimagazine/article/view/2513},
    doi = {10.1609/aimag.v35i4.2513},
    issn = {0738-4602},
    keywords = {Interactive Machine Learning}
}

@article{Amershi2014PowerLearningb,
    title = {{Power to the People: The Role of Humans in Interactive Machine Learning}},
    year = {2014},
    journal = {AI Magazine},
    author = {Amershi, Saleema and Cakmak, Maya and Knox, W. Bradley and Kulesza, Todd},
    month = {12}
}

@article{Amershi2014PowerLearningc,
    title = {{Power to the People: The Role of Humans in Interactive Machine Learning}},
    year = {2014},
    journal = {AI Magazine},
    author = {Amershi, Saleema and Cakmak, Maya and Knox, William Bradley and Kulesza, Todd},
    number = {4},
    month = {12},
    pages = {105},
    volume = {35},
    doi = {10.1609/aimag.v35i4.2513},
    issn = {0738-4602, 0738-4602},
    language = {en}
}

@inproceedings{Greene2006PracticalClustering,
    title = {{Practical Solutions to the Problem of Diagonal Dominance in Kernel Document Clustering}},
    year = {2006},
    booktitle = {Proceedings of the International Conference on Machine Learning},
    author = {Greene, Derek and Cunningham, Padraig},
    pages = {377--384},
    url = {http://mlg.ucd.ie/files/publications/greene06icml.pdf},
    isbn = {1595933832},
    doi = {10.1145/1143844.1143892}
}

@inproceedings{Gajos2008PredictabilityInterfaces,
    title = {{Predictability and Accuracy in Adaptive User Interfaces}},
    year = {2008},
    booktitle = {Proceeding of the SIGCHI conference on Human Factors in Computing systems},
    author = {Gajos, Krzysztof Z. and Everitt, Katherine and Tan, Desney S. and Czerwinski, Mary and Weld, Daniel S.},
    pages = {1271--1274},
    url = {http://portal.acm.org/citation.cfm?doid=1357054.1357252},
    isbn = {9781605580111},
    doi = {10.1145/1357054.1357252}
}

@inproceedings{Kulesza2015PrinciplesLearning,
    title = {{Principles of Explanatory Debugging to Personalize Interactive Machine Learning}},
    year = {2015},
    booktitle = {Proceedings of the 20th International Conference on Intelligent User Interfaces - IUI '15},
    author = {Kulesza, Todd and Burnett, Margaret and Wong, Weng-Keen and Stumpf, Simone},
    pages = {126--137},
    url = {http://dl.acm.org/citation.cfm?doid=2678025.2701399},
    isbn = {9781450333061},
    doi = {10.1145/2678025.2701399},
    issn = {09505849},
    pmid = {15991970},
    arxivId = {arXiv:cond-mat/0402594v3},
    archivePrefix = {arXiv},
    eprint = {0402594v3},
    primaryClass = {cond-mat}
}

@inproceedings{Kulesza2015PrinciplesLearningb,
    title = {{Principles of Explanatory Debugging to Personalize Interactive Machine Learning}},
    year = {2015},
    booktitle = {Proceedings of the 20th International Conference on Intelligent User Interfaces - IUI '15},
    author = {Kulesza, Todd and Burnett, Margaret and Wong, Weng-Keen and Stumpf, Simone},
    pages = {126--137},
    url = {http://dl.acm.org/citation.cfm?doid=2678025.2701399},
    isbn = {9781450333061},
    doi = {10.1145/2678025.2701399},
    issn = {09505849},
    pmid = {15991970},
    arxivId = {arXiv:cond-mat/0402594v3},
    archivePrefix = {arXiv},
    eprint = {0402594v3},
    primaryClass = {cond-mat}
}

@inproceedings{Horvitz1999PrinciplesInterfaces,
    title = {{Principles of Mixed-Initiative User Interfaces}},
    year = {1999},
    booktitle = {Proceeding of the SIGCHI conference on Human Factors in Computing Systems},
    author = {Horvitz, Eric},
    pages = {159--166},
    publisher = {ACM},
    address = {New York},
    isbn = {0-201-48559-1},
    doi = {10.1145/302979.303030}
}

@article{Blei2010ProbabilisticModels,
    title = {{Probabilistic topic models}},
    year = {2010},
    journal = {IEEE Signal Processing Magazine},
    author = {Blei, David and Carin, Lawrence and Dunson, David},
    number = {6},
    pages = {55--65},
    volume = {27},
    isbn = {0805854185},
    doi = {10.1109/MSP.2010.938079},
    issn = {10535888},
    pmid = {7789277},
    arxivId = {1003.4916}
}

@article{Blei2012ProbabilisticModels,
    title = {{Probabilistic Topic Models}},
    year = {2012},
    journal = {Commun. ACM},
    author = {Blei, David M.},
    number = {4},
    month = {4},
    pages = {77–84},
    volume = {55},
    doi = {10.1145/2133806.2133826},
    issn = {0001-0782}
}

@inproceedings{Lei2016RationalizingPredictions,
    title = {{Rationalizing Neural Predictions}},
    year = {2016},
    author = {Lei, Tao and Barzilay, Regina and Jaakkola, Tommi},
    doi = {10.18653/v1/d16-1011}
}

@article{Chang2009ReadingModels,
    title = {{Reading Tea Leaves: How Humans Interpret Topic Models}},
    year = {2009},
    journal = {Advances in Neural Information Processing Systems},
    author = {Chang, Jonathan and Gerrish, Sean and Wang, Chong and Blei, David M},
    pages = {288--296},
    volume = {22},
    url = {http://www.umiacs.umd.edu/~jbg/docs/nips2009-rtl.pdf},
    isbn = {9781615679119},
    doi = {10.1.1.100.1089},
    issn = {1098-6596},
    pmid = {25246403},
    arxivId = {arXiv:1011.1669v3}
}

@article{JonathanChang2009ReadingModels.,
    title = {{Reading Tea Leaves: How Humans Interpret Topic Models.}},
    year = {2009},
    author = {Jonathan Chang, Jordan L. Boyd-Graber},
    pages = {288--296}
}

@incollection{Card1999ReadingsThink,
    title = {{Readings in Information Visualization: Using Vision to Think}},
    year = {1999},
    booktitle = {Information Display},
    author = {Card, Stuart K and Mackinlay, Jock D and Shneiderman, Ben},
    number = {0},
    pages = {686},
    volume = {1st},
    url = {http://portal.acm.org/citation.cfm?id=300679},
    isbn = {1558605339},
    pmid = {4036541}
}

@article{Mnih2014RecurrentAttention,
    title = {{Recurrent Models of Visual Attention}},
    year = {2014},
    journal = {Advances in Neural Information Processing Systems},
    author = {Mnih, Volodymyr and Heess, Nicolas and Graves, Alex and Kavukcuoglu, Koray},
    pages = {1--9},
    volume = {27},
    url = {http://arxiv.org/abs/1406.6247%5Cnhttp://papers.nips.cc/paper/5542-recurrent-models-of-visual-attention%5Cnhttp://papers.nips.cc/paper/5542-recurrent-models-of-visual-attention.pdf},
    isbn = {078036404X},
    doi = {ng},
    issn = {0157244X},
    pmid = {22007195},
    arxivId = {1406.6247}
}

@inproceedings{Amershi2012Regroup:Networks,
    title = {{Regroup: Interactive Machine Learning for On-demand Group Creation in Social Networks}},
    year = {2012},
    booktitle = {Proceedings of the SIGCHI Conference on Human Factors in Computing Systems},
    author = {Amershi, Saleema and Fogarty, James and Weld, Daniel},
    pages = {21–30},
    series = {CHI '12},
    publisher = {ACM},
    address = {New York},
    isbn = {978-1-4503-1015-4},
    doi = {10.1145/2207676.2207680}
}

@article{EuropeanUnion2016RegulationUnion,
    title = {{Regulation 2016/679 of the European parliament and the Council of the European Union}},
    year = {2016},
    journal = {Official Journal of the European Communities},
    author = {{European Union}},
    isbn = {9251032718}
}

@inproceedings{Knox2012ReinforcementTasks,
    title = {{Reinforcement learning from human reward: Discounting in episodic tasks}},
    year = {2012},
    booktitle = {Proceedings - IEEE International Workshop on Robot and Human Interactive Communication},
    author = {Knox, W. Bradley and Stone, Peter},
    isbn = {9781467346054},
    doi = {10.1109/ROMAN.2012.6343862}
}

@article{Hruschka2004ReliabilityResearch,
    title = {{Reliability in Coding Open-Ended Data: Lessons Learned from HIV Behavioral Research}},
    year = {2004},
    journal = {Field Methods},
    author = {Hruschka, Daniel J. and Schwartz, Deborah and St.John, Daphne Cobb and Picone-Decaro, Erin and Jenkins, Richard A. and Carey, James W.},
    number = {3},
    month = {8},
    pages = {307--331},
    volume = {16},
    doi = {10.1177/1525822X04266540},
    issn = {1525-822X, 1552-3969},
    language = {en}
}

@article{Aletras2014RepresentingLibraries,
    title = {{Representing Topics Labels for Exploring Digital Libraries}},
    year = {2014},
    journal = {ACM/IEEE Joint Conference on Digital Libraries (JCDL 2014) International Conference on Theory and Practice of Digital Libraries (TPDL 2014) London, 8th-12th September 2014},
    author = {Aletras, Nikolaos and Baldwin, Timothy and Lau, Jey Han and Stevenson, Mark},
    pages = {239--248},
    isbn = {9781479955695},
    keywords = {ability within the topic, alternative topic repre-, e, however, i, in this paper, including textual and image, labels, representa-, sentations have been proposed, the top- n words, we compare different topic, with highest marginal prob-}
}

@misc{Kandel2011ResearchData,
    title = {{Research directions in data wrangling: Visualizations and transformations for usable and credible data}},
    year = {2011},
    booktitle = {Information Visualization},
    author = {Kandel, Sean and Heer, Jeffrey and Plaisant, Catherine and Kennedy, Jessie and Van Ham, Frank and Riche, Nathalie Henry and Weaver, Chris and Lee, Bongshin and Brodbeck, Dominique and Buono, Paolo},
    number = {4},
    pages = {271--288},
    volume = {10},
    isbn = {1473871611},
    doi = {10.1177/1473871611415994},
    issn = {14738716},
    keywords = {Data cleaning, Data quality, Data transformation, Uncertainty, Visualization}
}

@article{Wallach2009RethinkingMatter,
    title = {{Rethinking LDA : Why Priors Matter}},
    year = {2009},
    journal = {Advances in Neural Information Processing Systems 22},
    author = {Wallach, Hanna M and Mimno, David and Mccallum, Andrew},
    number = {2},
    pages = {1973--1981},
    volume = {22},
    url = {http://citeseerx.ist.psu.edu/viewdoc/download?doi=10.1.1.149.185&amp;rep=rep1&amp;type=pdf},
    isbn = {9781615679119},
    doi = {10.1007/s10708-008-9161-9},
    issn = {02699370},
    pmid = {2508715}
}

@inproceedings{Girshick2014RichSegmentation,
    title = {{Rich feature hierarchies for accurate object detection and semantic segmentation}},
    year = {2014},
    booktitle = {Proceedings of the IEEE Computer Society Conference on Computer Vision and Pattern Recognition},
    author = {Girshick, Ross and Donahue, Jeff and Darrell, Trevor and Malik, Jitendra},
    pages = {580--587},
    isbn = {9781479951178},
    doi = {10.1109/CVPR.2014.81},
    issn = {10636919},
    pmid = {26656583},
    arxivId = {1311.2524}
}

@inproceedings{Kim2015ScalableData,
    title = {{Scalable and interpretable data representation for high-dimensional, complex data}},
    year = {2015},
    booktitle = {Twenty-Ninth AAAI Conference on Artificial Intelligence},
    author = {Kim, Been and Patel, Kayur and Rostamizadeh, Afshin and Shah, Julie},
    pages = {1763--1769}
}

@article{Pedregosa2011Scikit-learn:Python,
    title = {{Scikit-learn: Machine learning in Python}},
    year = {2011},
    journal = {Journal of Machine Learning Research},
    author = {Pedregosa, Fabian and Varoquaux, Gael and Gramfort, Alexandre and Michel, Vincent and Thirion, Bertrand and Grisel, Olivier and Blondel, Mathieu and Prettenhofer, Peter and Weiss, Ron and Dubourg, Vincent and Vanderplas, Jake and Passos, Alexandre and Cournapeau, David and Brucher, Matthieu and Perrot, Matthieu and Duchesnay, Édouard},
    pages = {2825--2830},
    volume = {12},
    issn = {15324435},
    keywords = {Model selection, Python, Supervised learning, Unsupervised learning}
}

@article{Koyama2016SelPh:Enhancement,
    title = {{SelPh: Progressive Learning and Support of Manual Photo Color Enhancement}},
    year = {2016},
    journal = {Proceedings of the 2016 CHI Conference on Human Factors in Computing Systems - CHI '16},
    author = {Koyama, Yuki and Sakamoto, Daisuke and Igarashi, Takeo},
    pages = {2520--2532},
    url = {http://dx.doi.org/10.1145/2858036.2858111.%5Cnhttp://doi.acm.org/10.1145/2858036.2858111%5Cnhttp://dl.acm.org/citation.cfm?doid=2858036.2858111},
    isbn = {9781450333627},
    doi = {10.1145/2858036.2858111},
    keywords = {design support, photo enhancement, self-reinforcement}
}

@article{Endert2012SemanticAnalytics,
    title = {{Semantic interaction for visual text analytics}},
    year = {2012},
    journal = {Proceedings of the 2012 ACM annual conference on Human Factors in Computing Systems - CHI '12},
    author = {Endert, Alex and Fiaux, Patrick and North, Chris},
    pages = {473--482},
    url = {http://dl.acm.org/citation.cfm?doid=2207676.2207741},
    isbn = {9781450310154},
    doi = {10.1145/2207676.2207741},
    keywords = {ForceSPIRE, Visualization, interaction, visual analytics}
}

@inproceedings{Alexander2015Serendip:Corpora,
    title = {{Serendip: Topic Model-Driven Visual Exploration of Text Corpora}},
    year = {2015},
    booktitle = {2014 Proceedings of the IEEE Conference on Visual Analytics Science and Technology},
    author = {Alexander, Eric and Kohlmann, Joe and Valenza, Robin and Witmore, Michael and Gleicher, Michael},
    pages = {173--182},
    isbn = {9781479962273},
    doi = {10.1109/VAST.2014.7042493},
    keywords = {Text visualization, topic modeling}
}

@inproceedings{Huang2008SimilarityClustering,
    title = {{Similarity measures for text document clustering}},
    year = {2008},
    booktitle = {New Zealand Computer Science Research Student Conference, NZCSRSC 2008 - Proceedings},
    author = {Huang, Anna},
    keywords = {Partitional clustering, Similarity measures, Text clustering}
}

@inproceedings{Roberts2007StateVisualization,
    title = {{State of the art: Coordinated {\&} multiple views in exploratory visualization}},
    year = {2007},
    booktitle = {Proceedings - Fifth International Conference on Coordinated and Multiple Views in Exploratory Visualization, CMV 2007},
    author = {Roberts, Jonathan C.},
    pages = {61--71},
    isbn = {0769529038},
    doi = {10.1109/CMV.2007.20},
    keywords = {Coordinated and multiple views, Exploratory visualization, Information visualization, Linked views}
}

@inproceedings{Roberts2007StateVisualizationb,
    title = {{State of the art: Coordinated {\&} multiple views in exploratory visualization}},
    year = {2007},
    booktitle = {Proceedings - Fifth International Conference on Coordinated and Multiple Views in Exploratory Visualization, CMV 2007},
    author = {Roberts, Jonathan C.},
    isbn = {0769529038},
    doi = {10.1109/CMV.2007.20},
    issn = {0006-4971 1528-0020},
    pmid = {14805282},
    keywords = {Coordinated and multiple views, Exploratory visualization, Information visualization, Linked views}
}

@article{Kruskal1983StatisticalClustering,
    title = {{Statistical computing: Icicle plots: Better displays for hierarchical clustering}},
    year = {1983},
    journal = {American Statistician},
    author = {Kruskal, J. B. and Landwehr, J. M.},
    number = {2},
    pages = {162--168},
    volume = {37},
    doi = {10.1080/00031305.1983.10482733},
    issn = {15372731},
    keywords = {Classification, Cluster analysis, Dendrograms, Graphics}
}

@article{Hook2000StepsReal,
    title = {{Steps to take before intelligent user interfaces become real}},
    year = {2000},
    journal = {Interacting with Computers},
    author = {H{\"{o}}{\"{o}}k, K.},
    number = {4},
    pages = {409--426},
    volume = {12},
    url = {http://www.sciencedirect.com/science/article/pii/S0953543899000065},
    isbn = {0953-5438},
    doi = {10.1016/S0953-5438(99)00006-5},
    issn = {09535438},
    keywords = {Intelligent user interfaces, Usability, User modelling}
}

@article{Hook2000StepsRealb,
    title = {{Steps to take before Intelligent User Interfaces become real}},
    year = {2000},
    journal = {Interacting With Computers},
    author = {H{\"{o}}{\"{o}}k, Kristina},
    number = {4},
    pages = {409--426},
    volume = {12},
    doi = {doi:10.1016/S0953-5438(99)00006-5}
}

@article{Gao2016StreamingModel,
    title = {{Streaming Gibbs Sampling for LDA Model}},
    year = {2016},
    author = {Gao, Yang and Chen, Jianfei and Zhu, Jun},
    pages = {1--10},
    url = {http://arxiv.org/abs/1601.01142},
    arxivId = {1601.01142}
}

@inproceedings{Viegas2004StudyingVisualizations,
    title = {{Studying cooperation and conflict between authors with history flow visualizations}},
    year = {2004},
    booktitle = {2004 Conference on Human factors in Computing Systems},
    author = {Vi{\'{e}}gas, Fernanda B. and Wattenberg, Martin and Dave, Kushal},
    number = {1},
    pages = {575--582},
    volume = {6},
    url = {http://alumni.media.mit.edu/~fviegas/papers/history_flow.pdf%5Cnhttp://portal.acm.org/citation.cfm?doid=985692.985765},
    isbn = {1581137028},
    doi = {10.1145/985692.985765},
    issn = {1581137028},
    pmid = {363},
    keywords = {allowing users to change, categories, content of the page, edit this page, higher level of, link at the bottom, subject descriptors, the, this interface supports a}
}

@article{Rajani2016SupervisedPopulation,
    title = {{Supervised and Unsupervised Ensembling for Knowledge Base Population}},
    year = {2016},
    journal = {Proceedings of the 2016 Conference on Empirical Methods in Natural Language Processing (EMNLP-16)},
    author = {Rajani, Nazneen Fatema and Mooney, Raymond J.},
    arxivId = {1604.04802}
}

@article{Perer2008SystematicAnalysis,
    title = {{Systematic yet flexible discovery: guiding domain experts through exploratory data analysis}},
    year = {2008},
    journal = {International Conference on Intelligent User Interfaces},
    author = {Perer, Adam and Shneiderman, Ben},
    pages = {9},
    url = {http://portal.acm.org/citation.cfm?id=1378788},
    isbn = {978-1-59593-987-6},
    doi = {10.1145/1378773.1378788},
    keywords = {exploratory data analysis, guides, information visualization, social networks, systematic yet flexible, wizards}
}

@article{Gilani2017TableLearning,
    title = {{Table Detection Using Deep Learning}},
    year = {2017},
    author = {Gilani, Azka and Qasim, Shah Rukh and Malik, Imran and Shafait, Faisal}
}

@inproceedings{Lund2017TandemModeling,
    title = {{Tandem Anchoring: a Multiword Anchor Approach for Interactive Topic Modeling}},
    year = {2017},
    author = {Lund, Jeffrey and Cook, Connor and Seppi, Kevin and Boyd-Graber, Jordan},
    pages = {896--905},
    publisher = {Association for Computational Linguistics},
    doi = {10.18653/v1/P17-1083},
    language = {en}
}

@article{Alexander2015Task-DrivenModels,
    title = {{Task-Driven Comparison of Topic Models}},
    year = {2015},
    journal = {IEEE Transactions on Visualization and Computer Graphics},
    author = {Alexander, E. and Gleicher, M.},
    number = {99},
    pages = {1--1},
    volume = {PP},
    doi = {10.1109/TVCG.2015.2467618},
    issn = {1077-2626}
}

@inproceedings{Kulesza2012TellAgent,
    title = {{Tell me more? The Effects of Mental Model Soundness on Personalizing an Intelligent Agent}},
    year = {2012},
    booktitle = {Proceedings of the 2012 ACM annual conference on Human Factors in Computing Systems - CHI '12},
    author = {Kulesza, Todd and Stumpf, Simone and Burnett, Margaret and Kwan, Irwin},
    pages = {1},
    url = {http://0-doi.acm.org.wam.city.ac.uk/10.1145/2207676.2207678\nhttp://dl.acm.org/citation.cfm?doid=2207676.2207678},
    isbn = {9781450310154},
    doi = {10.1145/2207676.2207678}
}

@inproceedings{Chuang2012Termite:Models,
    title = {{Termite: Visualization Techniques for Assessing Textual Topic Models}},
    year = {2012},
    booktitle = {Proceedings of the International Working Conference on Advanced Visual Interfaces},
    author = {Chuang, Jason and Manning, Christopher D. and Heer, Jeffrey},
    pages = {74--77},
    series = {AVI '12},
    publisher = {ACM},
    address = {New York},
    isbn = {978-1-4503-1287-5},
    doi = {10.1145/2254556.2254572}
}

@article{Cui2011Textflow:Text,
    title = {{Textflow: Towards better understanding of evolving topics in text}},
    year = {2011},
    journal = {IEEE Transactions on Visualization and Computer Graphics},
    author = {Cui, Weiwei and Liu, Shixia and Tan, Li and Shi, Conglei and Song, Yangqiu and Gao, Zekai and Tong, Xin and Qu, Huamin},
    number = {12},
    pages = {2412--2421},
    volume = {17},
    isbn = {1077-2626},
    doi = {10.1109/TVCG.2011.239},
    issn = {10772626},
    pmid = {22034362},
    arxivId = {1404.4606},
    keywords = {Critical event, Hierarchical Dirichlet process, Text visualization, Topic evolution}
}

@article{Rosen-Zvi2004TheDocuments,
    title = {{The author-topic model for authors and documents}},
    year = {2004},
    journal = {Proceedings of the 20th conference on Uncertainty in artificial intelligence},
    author = {Rosen-Zvi, M. and Griffiths, T. and Steyvers, M. and Smyth, P.},
    pages = {487–494},
    url = {http://portal.acm.org/citation.cfm?id=1036902},
    isbn = {0-9749039-0-6},
    doi = {10.1016/j.nima.2010.11.062},
    issn = {01689002},
    arxivId = {1207.4169}
}

@inproceedings{Cai2019TheInterface,
    title = {{The effects of example-based explanations in a machine learning interface}},
    year = {2019},
    booktitle = {International Conference on Intelligent User Interfaces, Proceedings IUI},
    author = {Cai, Carrie J. and Jongejan, Jonas and Holbrook, Jess},
    doi = {10.1145/3301275.3302289},
    keywords = {Example-based explanations, Explainable AI, Human-AI interaction, Machine learning}
}

@article{Cramer2008TheRecommender,
    title = {{The effects of transparency on trust in and acceptance of a content-based art recommender}},
    year = {2008},
    journal = {User Modeling and User-Adapted Interaction},
    author = {Cramer, Henriette and Evers, Vanessa and Ramlal, Satyan and Van Someren, Maarten and Rutledge, Lloyd and Stash, Natalia and Aroyo, Lora and Wielinga, Bob},
    doi = {10.1007/s11257-008-9051-3},
    issn = {09241868},
    keywords = {Acceptance, Cultural heritage, Human-computer interaction, Recommender systems, Transparency, Trust, User-adaptivity}
}

@book{Mandel1997TheDesign,
    title = {{The Elements of User Interface Design}},
    year = {1997},
    booktitle = {Star},
    author = {Mandel, Theo},
    pages = {440},
    url = {http://books.google.com/books?id=H-ZQAAAAMAAJ&pgis=1},
    isbn = {0471162671}
}

@article{Shneiderman1996TheNvisualizations,
    title = {{The eyes have it: a task by data type taxonomy for informatio nvisualizations}},
    year = {1996},
    journal = {Proceedings 1996 IEEE Symposium on Visual Languages},
    author = {Shneiderman, Ben},
    pages = {336--343},
    isbn = {0-8186-7508-X},
    doi = {10.1109/VL.1996.545307},
    issn = {1049-2615},
    pmid = {4986861},
    arxivId = {arXiv:1011.1669v3}
}

@article{Shneiderman1996TheVisualizations,
    title = {{The eyes have it: a task by data type taxonomy for information visualizations}},
    year = {1996},
    journal = {Proceedings 1996 IEEE Symposium on Visual Languages},
    author = {Shneiderman, B.},
    pages = {336--343},
    url = {http://ieeexplore.ieee.org/document/545307/},
    isbn = {0-8186-7508-X},
    doi = {10.1109/VL.1996.545307},
    issn = {1049-2615},
    pmid = {4986861},
    arxivId = {arXiv:1011.1669v3}
}

@article{Lee2017TheModels,
    title = {{The Human Touch: How Non-ExpertUusers Perceive, Interpret, and Fix Topic Models}},
    year = {2017},
    journal = {International Journal of Human Computer Studies},
    author = {Lee, Tak Yeon and Smith, Alison and Seppi, Kevin and Elmqvist, Niklas and Boyd-Graber, Jordan and Findlater, Leah},
    pages = {28--42},
    volume = {105},
    doi = {10.1016/j.ijhcs.2017.03.007},
    issn = {10959300},
    keywords = {Mixed-initiative interaction, Topic modeling, User study}
}

@article{Vaccaro2018TheSettings,
    title = {{The Illusion of Control: Placebo Effects of Control Settings}},
    year = {2018},
    journal = {In Proc. of CHI},
    author = {Vaccaro, Kristen and Huang, Dylan and Eslami, Motahhare and Sandvig, Christian and Hamilton, Kevin and Karahalios, Karrie},
    isbn = {978-1-4503-5620-6},
    doi = {10.1145/3173574.3173590},
    keywords = {control settings, placebo effect, sensemaking, social media}
}

@book{Sandhaus2008TheCorpus,
    title = {{The New York Times Annotated Corpus}},
    year = {2008},
    author = {Sandhaus, Evan},
    publisher = {Linguistic Data Consortium},
    address = {Philadelphia}
}

@article{Smith2018TheFeedback,
    title = {{The problem of explanations without user feedback}},
    year = {2018},
    journal = {CEUR Workshop Proceedings of Explainable Smart Systems (ExSS) Workshop at IUI},
    author = {Smith, Alison and Nolan, James J.},
    pages = {11--13},
    volume = {2068},
    issn = {16130073},
    keywords = {Explanations, Human-in-the-loop systems, Human-machine interfaces, User feedback}
}

@inproceedings{Bussone2015TheSystems,
    title = {{The role of explanations on trust and reliance in clinical decision support systems}},
    year = {2015},
    booktitle = {Proceedings - 2015 IEEE International Conference on Healthcare Informatics, ICHI 2015},
    author = {Bussone, Adrian and Stumpf, Simone and O'Sullivan, Dympna},
    pages = {160--169},
    isbn = {9781467395489},
    doi = {10.1109/ICHI.2015.26},
    keywords = {CDSS, Explanations, Reliability, Reliance, Trust, User study}
}

@inproceedings{Sinha2002TheSystems,
    title = {{The Role of Transparency in Recommender Systems}},
    year = {2002},
    booktitle = {Proceedings of the SIGCHI conference on Human Factors in computing systems Extended Abstracts},
    author = {Sinha, Rashmi and Swearingen, Kirsten},
    pages = {830--831},
    url = {http://portal.acm.org/citation.cfm?doid=506443.506619},
    isbn = {1581134541},
    doi = {10.1145/506443.506619},
    arxivId = {126},
    keywords = {recommender systems, usability studies, www}
}

@inproceedings{Gardner2010TheModels,
    title = {{The Topic Browser: An Interactive Tool for Browsing Topic Models}},
    year = {2010},
    booktitle = {Proceedings of the Workshop on Challenges of Data Visualization, held in conjunction with the 24th Annual Conference on Neural Information Processing Systems},
    author = {Gardner, Matthew J. and Lutes, Joshua and Lund, Jeff and Hansen, Josh and Walker, Dan and Ringger, Eric and Seppi, Kevin},
    pages = {1--9},
    url = {http://cseweb.ucsd.edu/~lvdmaaten/workshops/nips2010/papers/gardner.pdf}
}

@article{Havre2002ThemeRiver:Collections,
    title = {{ThemeRiver: Visualizing thematic changes in large document collections}},
    year = {2002},
    journal = {IEEE Transactions on Visualization and Computer Graphics},
    author = {Havre, Susan and Hetzler, Elizabeth and Whitney, Paul and Nowell, Lucy},
    number = {1},
    pages = {9--20},
    volume = {8},
    isbn = {1077-2626},
    doi = {10.1109/2945.981848},
    issn = {10772626},
    keywords = {Metaphor, Time line, Trend analysis, Visualization}
}

@article{Liu2012Tiara:Analysis,
    title = {{Tiara: Interactive, Topic-Based Visual Text Summarization and Analysis}},
    year = {2012},
    journal = {ACM Transactions on Intelligent Systems and Technology},
    author = {Liu, Shixia and Zhou, Michelle X. and Pan, Shimei and Song, Yangqiu and Qian, Weihong and Cai, Weijia and Lian, Xiaoxiao},
    isbn = {9781605585123},
    doi = {10.1145/2089094.2089101},
    issn = {21576904},
    keywords = {Text analytics, interactive text visualization, stacked graph, text summarization, text trend chart, topic model}
}

@inproceedings{Gil2013Time-boundWorkflows,
    title = {{Time-bound analytic tasks on large datasets through dynamic configuration of workflows}},
    year = {2013},
    author = {Gil, Yolanda and Ratnakar, Varun and Verma, Rishi and Hart, Andrew and Ramirez, Paul and Mattmann, Chris and Sumarlidason, Arni and Park, Samuel L.},
    pages = {88--97},
    publisher = {ACM Press},
    isbn = {978-1-4503-2502-8},
    doi = {10.1145/2534248.2534257},
    language = {en}
}

@inproceedings{Kulesza2013TooModels,
    title = {{Too much, too little, or just right? Ways explanations impact end users' mental models}},
    year = {2013},
    booktitle = {Proceedings of IEEE Symposium on Visual Languages and Human-Centric Computing, VL/HCC},
    author = {Kulesza, Todd and Stumpf, Simone and Burnett, Margaret and Yang, Sherry and Kwan, Irwin and Wong, Weng Keen},
    pages = {3--10},
    isbn = {9781479903689},
    doi = {10.1109/VLHCC.2013.6645235},
    issn = {19436092},
    keywords = {end-user debugging, explanations, intelligent agents, mental models, recommender systems}
}

@inproceedings{Lim2010ToolkitApplications,
    title = {{Toolkit to support intelligibility in context-aware applications}},
    year = {2010},
    booktitle = {Proceedings of the 12th ACM international conference on Ubiquitous computing - Ubicomp '10},
    author = {Lim, Brian Y. and Dey, Anind K.},
    pages = {13},
    url = {http://portal.acm.org/citation.cfm?doid=1864349.1864353},
    isbn = {9781605588438},
    doi = {10.1145/1864349.1864353},
    issn = {978-1-60558-431-7}
}

@inproceedings{Chuang2013TopicAlignment,
    title = {{Topic Model Diagnostics: Assessing Domain Relevance via Topical Alignment}},
    year = {2013},
    booktitle = {Proceedings of the 30th International Conference on Machine Learning (ICML-13)},
    author = {Chuang, Jason and Gupta, Sonal and Manning, Christopher D. and Heer, Jeffrey},
    pages = {612–620}
}

@inproceedings{Wallach2006TopicBag-of-words,
    title = {{Topic Modeling: Beyond Bag-of-words}},
    year = {2006},
    booktitle = {Proceedings of the 23rd International Conference on Machine Learning},
    author = {Wallach, Hanna M.},
    pages = {977–984},
    series = {ICML '06},
    publisher = {ACM},
    address = {New York},
    isbn = {1-59593-383-2},
    doi = {10.1145/1143844.1143967}
}

@article{Nikolenko2017TopicStudies,
    title = {{Topic modelling for qualitative studies}},
    year = {2017},
    journal = {Journal of Information Science},
    author = {Nikolenko, Sergey I. and Koltcov, Sergei and Koltsova, Olessia},
    number = {1},
    volume = {43},
    isbn = {0165-5515},
    doi = {10.1177/0165551515617393},
    issn = {17416485},
    pmid = {24131618},
    arxivId = {arXiv:1011.1669v3}
}

@article{Blei2009TopicModels,
    title = {{Topic Models}},
    year = {2009},
    journal = {Text Mining: Classification, Clustering, and Applications},
    author = {Blei, David M and Lafferty, John D},
    pages = {71--89},
    isbn = {1595933832},
    doi = {10.1145/1143844.1143859},
    issn = {15324435},
    pmid = {9013932},
    arxivId = {arXiv:0712.1486v1}
}

@inproceedings{Feng2010TopicIllustration,
    title = {{Topic Models for Image Annotation and Text Illustration}},
    year = {2010},
    booktitle = {NAACL},
    author = {Feng, Yansong and Lapata, Mirella},
    number = {June},
    pages = {831--839},
    url = {http://www.aclweb.org/anthology/N/N10/N10-1125},
    isbn = {1-932432-65-5}
}

@article{Liu2009Topic-LinkCommunity,
    title = {{Topic-Link LDA : Joint Models of Topic and Author Community}},
    year = {2009},
    journal = {Proceedings of the 26th International Conference on Machine Learning (ICML)},
    author = {Liu, Yan and Niculescu-Mizil, Alexandru and Gryc, Wojciech},
    pages = {665--672},
    isbn = {1605585165},
    doi = {10.1145/1553374.1553460},
    keywords = {LDA, Topic model, network data, variational inference}
}

@article{Chuang2015TopicCheck:Stability,
    title = {{TopicCheck: Interactive Alignment for Assessing Topic Model Stability}},
    year = {2015},
    journal = {Working paper},
    author = {Chuang, Jason and Roberts, Margaret E and Stewart, Brandon M and Weiss, Rebecca and Tingley, Dustin and Grimmer, Justin and Heer, Jeffrey}
}

@article{Nallapati2011TopicFlowDocuments,
    title = {{TopicFlow model: Unsupervised learning of topic-specific influences of hyperlinked documents}},
    year = {2011},
    journal = {Journal of Machine Learning Research},
    author = {Nallapati, Ramesh and McFarland, Daniel and Manning, Christopher},
    pages = {543--551},
    volume = {15},
    issn = {15324435},
    keywords = {Artificial intelligence;Hypertext systems;Visualiz}
}

@inproceedings{Malik2013TopicFlow:Time,
    title = {{TopicFlow: Visualizing Topic Alignment of Twitter Data over Time}},
    year = {2013},
    booktitle = {Proceedings of the 2013 IEEE/ACM International Conference on Advances in Social Networks Analysis and Mining},
    author = {Malik, Sana and Smith, Alison and Hawes, Timothy and Papadatos, Panagis and Li, Jianyu and Dunne, Cody and Shneiderman, Ben},
    pages = {720–726},
    series = {ASONAM '13},
    publisher = {ACM},
    address = {New York},
    isbn = {978-1-4503-2240-9},
    doi = {10.1145/2492517.2492639}
}

@article{Gretarsson2012TopicNets:Modeling,
    title = {{TopicNets: Visual Analysis of Large Text Corpora with Topic Modeling}},
    year = {2012},
    journal = {ACM Trans. Intell. Syst. Technol.},
    author = {Gretarsson, Brynjar and O'Donovan, John and Bostandjiev, Svetlin and H{\"{o}}llerer, Tobias and Asuncion, Arthur and Newman, David and Smyth, Padhraic},
    number = {2},
    month = {2},
    pages = {23:1–23:26},
    volume = {3},
    doi = {10.1145/2089094.2089099},
    issn = {2157-6904}
}

@inproceedings{Wang2006TopicsTrends,
    title = {{Topics over time: A non-Markov continuous-time model of topical trends}},
    year = {2006},
    booktitle = {Proceedings of the 12th ACM SIGKDD International Conference on Knowledge Discovery and Data Mining},
    author = {Wang, Xuerui and McCallum, Andrew},
    pages = {424--433},
    isbn = {1595933395},
    doi = {10.1145/1150402.1150450},
    issn = {1595933395},
    keywords = {graphical models, temporal analysis, topic modeling}
}

@inproceedings{Crossno2011TopicView:Collections,
    title = {{TopicView: Visually Comparing Topic Models of Text Collections}},
    year = {2011},
    booktitle = {2011 23rd IEEE International Conference on Tools with Artificial Intelligence (ICTAI)},
    author = {Crossno, P.J. and Wilson, A.T. and Shead, T.M. and Dunlavy, D.M.},
    month = {11},
    pages = {936--943},
    doi = {10.1109/ICTAI.2011.162}
}

@inproceedings{Eisenstein2012TopicViz:Collections,
    title = {{TopicViz: Interactive Topic Exploration in Document Collections}},
    year = {2012},
    booktitle = {Proceedings of the ACM annual conference extended abstracts on Human Factors in Computing Systems Extended Abstracts},
    author = {Eisenstein, Jacob and Chau, Duen Horng and Kittur, Aniket and Xing, Eric},
    pages = {2177--2182},
    url = {http://dl.acm.org/citation.cfm?id=2212776.2223772},
    isbn = {9781450310161},
    doi = {10.1145/2212776.2223772},
    keywords = {interactive visualization, topic analysis}
}

@inproceedings{Glass2008TowardAgents,
    title = {{Toward establishing trust in adaptive agents}},
    year = {2008},
    booktitle = {Proceedings of the 13th international conference on Intelligent user interfaces - IUI '08},
    author = {Glass, Alyssa and McGuinness, Deborah L. and Wolverton, Michael},
    pages = {227},
    url = {http://portal.acm.org/citation.cfm?doid=1378773.1378804},
    isbn = {9781595939876},
    doi = {10.1145/1378773.1378804}
}

@inproceedings{Stumpf2007TowardLearning,
    title = {{Toward harnessing user feedback for machine learning}},
    year = {2007},
    booktitle = {International Conference on Intelligent User Interfaces, Proceedings IUI},
    author = {Stumpf, Simone and Rajaram, Vidya and Li, Lida and Burnett, Margaret and Dietterich, Thomas and Sullivan, Erin and Drummond, Russell and Herlocker, Jonathan},
    isbn = {1595934812},
    doi = {10.1145/1216295.1216316},
    keywords = {Explanations, Machine learning, User feedback for learning}
}

@article{Smith2015TowardsCapability,
    title = {{Towards an automated product generation capability}},
    year = {2015},
    journal = {SPIE Sensing Technology Applications},
    author = {Smith, Alison and Hawes, Timothy and Nolan, Jim}
}

@inproceedings{Rosenthal2010TowardsData,
    title = {{Towards Maximizing the Accuracy of Human-Labeled Sensor Data}},
    year = {2010},
    booktitle = {Proceedings of the International Conference on Intelligent User Interfaces},
    author = {Rosenthal, Stephanie L. and Dey, Anind K.},
    pages = {259--268},
    url = {http://dl.acm.org/citation.cfm?doid=1719970.1720006},
    isbn = {9781605585154},
    doi = {10.1145/1719970.1720006}
}

@inproceedings{Alvarez-Melis2018TowardsNetworks,
    title = {{Towards robust interpretability with self-explaining neural networks}},
    year = {2018},
    booktitle = {Advances in Neural Information Processing Systems},
    author = {Alvarez-Melis, David and Jaakkola, Tommi S.},
    issn = {10495258}
}

@article{Legg2013TransformationLoop,
    title = {{Transformation of an uncertain video search pipeline to a sketch-based visual analytics loop}},
    year = {2013},
    journal = {IEEE Transactions on Visualization and Computer Graphics},
    author = {Legg, Philip A. and Chung, David H.S. and Parry, Matthew L. and Bown, Rhodri and Jones, Mark W. and Griffiths, Iwan W. and Chen, Min},
    number = {12},
    pages = {2109--2118},
    volume = {19},
    isbn = {1077-2626},
    doi = {10.1109/TVCG.2013.207},
    issn = {10772626},
    pmid = {24051777},
    keywords = {data clustering, machine learning, multimedia visualization, visual knowledge discovery}
}

@article{Shneiderman1998TreemapsHierarchies,
    title = {{Treemaps for space-constrained visualization of hierarchies}},
    year = {1998},
    journal = {ACM Transactions on Graphics (TOG) Volume},
    author = {Shneiderman, B.},
    number = {March 1991},
    pages = {92–99},
    volume = {11}
}

@article{Shneiderman1998TreemapsHierarchiesb,
    title = {{Treemaps for space-constrained visualization of hierarchies}},
    year = {1998},
    journal = {ACM Transactions on Graphics (TOG) Volume},
    author = {Shneiderman, B.},
    number = {March 1991},
    pages = {92–99},
    volume = {11}
}

@inproceedings{Abdul2018TrendsSystems,
    title = {{Trends and Trajectories for Explainable, Accountable and Intelligible Systems}},
    year = {2018},
    booktitle = {Proceedings of the 2018 CHI Conference on Human Factors in Computing Systems  - CHI '18},
    author = {Abdul, Ashraf and Vermeulen, Jo and Wang, Danding and Lim, Brian Y. and Kankanhalli, Mohan},
    isbn = {9781450356206},
    doi = {10.1145/3173574.3174156},
    issn = {1756-1833},
    pmid = {22810385}
}

@inproceedings{Saunders2018TrialIntervention,
    title = {{Trial without error: Towards safe reinforcement learning via human intervention}},
    year = {2018},
    booktitle = {Proceedings of the International Joint Conference on Autonomous Agents and Multiagent Systems, AAMAS},
    author = {Saunders, William and Stuhlm{\"{u}}ller, Andreas and Sastry, Girish and Evans, Owain},
    isbn = {9781510868083},
    issn = {15582914}
}

@inproceedings{Pu2006TrustInterfaces,
    title = {{Trust building with explanation interfaces}},
    year = {2006},
    booktitle = {Proceedings of the 11th international conference on Intelligent user interfaces  - IUI '06},
    author = {Pu, Pearl and Chen, Li},
    pages = {93},
    url = {http://portal.acm.org/citation.cfm?doid=1111449.1111475},
    isbn = {1595932879},
    doi = {10.1145/1111449.1111475}
}

@article{Bessiere2003UnderstandingDesigns,
    title = {{Understanding Computer User Frustration: Measuring and Modeling the Disruption from Poor Designs}},
    year = {2003},
    journal = {Technical Reports from UMIACS},
    author = {Bessiere, Katie and Ceaparu, Irina and Lazar, Jonathan and Robinson, John and Shneiderman, Ben},
    url = {http://drum.lib.umd.edu/handle/1903/1233%5Cnhttp://drum.lib.umd.edu//bitstream/1903/1233/1/CS-TR-4409.pdf}
}

@inproceedings{Bunt2007UnderstandingCustomization,
    title = {{Understanding the utility of rationale in a mixed-initiative system for GUI customization}},
    year = {2007},
    booktitle = {Lecture Notes in Computer Science (including subseries Lecture Notes in Artificial Intelligence and Lecture Notes in Bioinformatics)},
    author = {Bunt, Andrea and McGrenere, Joanna and Conati, Cristina},
    isbn = {9783540730774},
    issn = {03029743}
}

@article{Zhuo2018UnsupervisedUnderstanding,
    title = {{Unsupervised Online Video Object Segmentation with Motion Property Understanding}},
    year = {2018},
    journal = {Ieee Transactions on Image Processing},
    author = {Zhuo, Tao and Cheng, Zhiyong and Zhang, Peng and Wong, Yongkang and Kankanhalli, Mohan},
    number = {X},
    pages = {1--12},
    volume = {XX},
    url = {https://arxiv.org/pdf/1810.03783.pdf},
    arxivId = {1810.03783v1},
    keywords = {Index Terms-Unsupervised online VOS, object proposals, salient motion, video understanding}
}

@article{Bansal2019UpdatesTradeoff,
    title = {{Updates in Human-AI Teams: Understanding and Addressing the Performance/Compatibility Tradeoff}},
    year = {2019},
    journal = {Aaai},
    author = {Bansal, Gagan and Nushi, Besmira and Kamar, Ece and Weld, Daniel S and Lasecki, Walter S and Horvitz, Eric}
}

@article{Abras2004User-centeredDesign,
    title = {{User-centered design}},
    year = {2004},
    journal = {Bainbridge, W. Encyclopedia of Human-Computer Interaction. Thousand Oaks: Sage Publications},
    author = {Abras, Chadia and Maloney-Krichmar, Diane and Preece, Jenny},
    number = {4},
    pages = {445–56},
    volume = {37},
    url = {http://uba-mobile.googlecode.com/svn/trunk/resources/Abras, Maloney-krichmar, Preece/Bainbridge, W. Encyclopedia of Human-Computer Interaction. Thousand Oaks Sage Publications - Abras, Maloney-Krichmar, Preece - 2004 - User-Centered Design.pdf},
    isbn = {0974309125},
    doi = {10.1.1.94.381},
    issn = {1875-9270},
    pmid = {21099019},
    arxivId = {arXiv:1011.1669v3}
}

@article{Abras2004User-centeredDesignb,
    title = {{User-centered design}},
    year = {2004},
    journal = {Bainbridge, W. Encyclopedia of Human-Computer Interaction. Thousand Oaks: Sage Publications},
    author = {Abras, Chadia and Maloney-Krichmar, Diane and Preece, Jenny},
    number = {4},
    pages = {445–56},
    volume = {37},
    isbn = {0974309125},
    doi = {10.1.1.94.381},
    issn = {1875-9270},
    pmid = {21099019}
}

@inproceedings{Musialek2016UsingApproach,
    title = {{Using Text Analytic Techniques to Create Efficiencies in Analyzing Qualitative Data : A Comparison between Traditional Content Analysis and a Topic Modeling Approach}},
    year = {2016},
    booktitle = {AAPOR Conference},
    author = {Musialek, Chris and Resnik, Philip and Stavisky, Andrew S.},
    keywords = {computational linguistics, content analysis, information, lda, topic modeling, visualization}
}

@article{Braun2006UsingPsychology,
    title = {{Using Thematic Analysis in Psychology}},
    year = {2006},
    journal = {Qualitative Research in Psychology},
    author = {Braun, Virginia and Clarke, Victoria},
    number = {2},
    month = {1},
    pages = {77--101},
    volume = {3},
    doi = {10.1191/1478088706qp063oa},
    issn = {1478-0887, 1478-0895},
    language = {en}
}

@inproceedings{Fang2016UsingData,
    title = {{Using Word Embedding to Evaluate the Coherence of Topics from Twitter Data}},
    year = {2016},
    booktitle = {Proceedings of the 39th International ACM SIGIR conference on Research and Development in Information Retrieval - SIGIR '16},
    author = {Fang, Anjie and Macdonald, Craig and Ounis, Iadh and Habel, Philip},
    isbn = {9781450340694},
    doi = {10.1145/2911451.2914729}
}

@article{Choo2013UTOPIAN:Factorization,
    title = {{UTOPIAN: User-Driven Topic Modeling Based on Interactive Nonnegative Matrix Factorization}},
    year = {2013},
    journal = {IEEE Transactions on Visualization and Computer Graphics},
    author = {Choo, Jaegul and Lee, Changhyun and Reddy, Chandan K. and Park, Haesun},
    number = {12},
    pages = {1992--2001},
    volume = {19},
    isbn = {1077-2626},
    doi = {10.1109/TVCG.2013.212},
    issn = {10772626},
    pmid = {24051765},
    keywords = {Latent dirichlet allocation, interactive clustering, nonnegative matrix factorization, text analytics, topic modeling, visual analytics}
}

@article{Lumpkin2011ValidityResearch,
    title = {{Validity of a Brief Locus of Control Scale for Survey Research}},
    year = {2011},
    journal = {Psychological Reports},
    author = {Lumpkin, James R.},
    doi = {10.2466/pr0.1985.57.2.655},
    issn = {0033-2941}
}

@incollection{Smith2013VisualText,
    title = {{Visual Analysis of Topical Evolution in Unstructured Text}},
    year = {2013},
    booktitle = {Lecture Notes on Social Network Analysis},
    author = {Smith, A. and Malik, S. and Schneiderman, B.},
    publisher = {Springer}
}

@article{Fortuna2005VisualizationCorpus,
    title = {{Visualization of text document corpus}},
    year = {2005},
    journal = {Informatica},
    author = {Fortuna, Blaz and Grobelnik, Marko and Mladenic, Dunja},
    number = {4},
    volume = {29}
}

@incollection{Silic2010VisualizationSurvey,
    title = {{Visualization of Text Streams: A Survey}},
    year = {2010},
    booktitle = {Knowledge-Based and Intelligent Information and Engineering Systems},
    author = {{\v{S}}ili{\'{c}}, Artur and Ba{\v{s}}i{\'{c}}, Bojana Dalbelo},
    editor = {Setchi, Rossitza and Jordanov, Ivan and Howlett, Robert J. and Jain, Lakhmi C.},
    month = {9},
    pages = {31--43},
    series = {Lecture Notes in Computer Science},
    publisher = {Springer Berlin Heidelberg},
    isbn = {978-3-642-15389-1},
    language = {en}
}

@article{ORourke2011VisualizingEssays,
    title = {{Visualizing topic flow in students' essays}},
    year = {2011},
    journal = {Educational Technology and Society},
    author = {O'Rourke, Stephen T. and Calvo, Rafael A. and McNamara, Danielle S.},
    number = {3},
    pages = {4--15},
    volume = {14},
    isbn = {1436-4522},
    issn = {11763647},
    keywords = {Argument flow, Document visualizations, Writing}
}

@inproceedings{Chaney2012VisualizingModels,
    title = {{Visualizing Topic Models}},
    year = {2012},
    booktitle = {Proceedings of the International Conference on Weblogs and Social Media},
    author = {Chaney, Allison June-Barlow and Blei, David M.},
    pages = {419--422}
}

@article{Antol2015VQA:Answering,
    title = {{VQA: Visual Question Answering}},
    year = {2015},
    journal = {ArXiv},
    author = {Antol, Stanislaw and Agrawal, Aishwarya and Lu, Jiasen and Mitchell, Margaret and Batra, Dhruv and Zitnick, C. Lawrence and Parikh, Devi},
    isbn = {978-1-4673-8391-2},
    doi = {10.1109/ICCV.2015.279},
    issn = {978-1-4673-8391-2},
    pmid = {15003161},
    arxivId = {arXiv:1505.00468v1}
}

@article{Chen2017Weighted-SVD:Factors,
    title = {{Weighted-SVD: Matrix Factorization with Weights on the Latent Factors}},
    year = {2017},
    author = {Chen, Hung-Hsuan},
    number = {2010},
    pages = {1--19},
    url = {http://arxiv.org/abs/1710.00482},
    isbn = {1111111111},
    doi = {10.1016/j.ijadhadh.2015.07.015},
    issn = {01437496},
    arxivId = {1710.00482}
}

@article{Feng2019WhatPlay,
    title = {{What can Ai do for me? Evaluating machine learning interpretations in cooperative play}},
    year = {2019},
    journal = {International Conference on Intelligent User Interfaces, Proceedings IUI},
    author = {Feng, Shi and Boyd-Graber, Jordan},
    pages = {229--239},
    volume = {Part F1476},
    isbn = {9781450362726},
    doi = {10.1145/3301275.3302265},
    arxivId = {arXiv:1810.09648v3},
    keywords = {Interpretability, Natural language processing, Question answering}
}

@article{Lim2009WhySystems,
    title = {{Why and why not explanations improve the intelligibility of context-aware intelligent systems}},
    year = {2009},
    journal = {Proceedings of the 27th international conference on Human factors in computing systems - CHI 09},
    author = {Lim, Brian Y. and Dey, Anind K. and Avrahami, Daniel},
    pages = {2119--2129},
    url = {http://dl.acm.org.prox.lib.ncsu.edu/citation.cfm?id=1518701.1519023},
    isbn = {9781605582467},
    doi = {10.1145/1518701.1519023},
    issn = {9781605582467}
}

@article{Ribeiro2016WhyClassifier,
    title = {{Why Should I Trust You?Explaining the Predictions of Any Classifier}},
    year = {2016},
    journal = {Proceedings of the 22nd ACM SIGKDD International Conference on Knowledge Discovery and Data Mining - KDD '16},
    author = {Ribeiro, Marco Tulio and Singh, Sameer and Guestrin, Carlos},
    number = {2011},
    pages = {117831},
    volume = {39},
    url = {http://dl.acm.org/citation.cfm?doid=2939672.2939778%0Ahttp://arxiv.org/abs/1602.04938},
    isbn = {9781450321389},
    doi = {10.1145/2939672.2939778},
    issn = {9781450321389},
    arxivId = {1602.04938},
    keywords = {black box classifier, explaining machine learning, interpretability, interpretable machine learning}
}

@article{Kulesza2011Why-orientedClassification,
    title = {{Why-oriented end-user debugging of naive Bayes text classification}},
    year = {2011},
    journal = {ACM Transactions on Interactive Intelligent Systems},
    author = {Kulesza, Todd and Stumpf, Simone and Wong, Weng-Keen and Burnett, Margaret M. and Perona, Stephen and Ko, Andrew and Oberst, Ian},
    number = {1},
    pages = {1--31},
    volume = {1},
    url = {http://dl.acm.org/citation.cfm?doid=2030365.2030367},
    isbn = {21606455 (ISSN)},
    doi = {10.1145/2030365.2030367},
    issn = {21606455}
}

@inproceedings{Kocielnik2019WillSystems,
    title = {{Will You Accept an Imperfect AI? Exploring Designs for Adjusting End-user Expectations of AI Systems}},
    year = {2019},
    booktitle = {CHI},
    author = {Kocielnik, Rafal and Amershi, Saleema and Bennett, Paul N},
    url = {https://doi.org/10.1145/3290605.3300641},
    isbn = {9781450359702},
    doi = {10.1145/3290605.3300641},
    keywords = {AI infused systems, AI system on-boarding, Perception and Acceptance of AI, Shaping AI expectations}
}

@misc{Mueller2012WordCloud,
    title = {{Word cloud}},
    year = {2012},
    author = {Mueller, Andrew}
}

@article{Miller1995WordNet:English,
    title = {{WordNet: a lexical database for English}},
    year = {1995},
    journal = {Communications of the ACM},
    author = {Miller, George A.},
    number = {11},
    pages = {39--41},
    volume = {38},
    url = {http://portal.acm.org/citation.cfm?doid=219717.219748},
    isbn = {1558602720},
    doi = {10.1145/219717.219748},
    issn = {00010782},
    pmid = {17081734}
}

@misc{Bostock2013ZoomableSunburst,
    title = {{Zoomable Sunburst}},
    year = {2013},
    booktitle = {Mike Bostock’s Block 4348373},
    author = {Bostock, Michael and Stasko, John},
    url = {https://bl.ocks.org/mbostock/4348373}
}