@inproceedings{RamageHNM09,
	author    = {Daniel Ramage and
	David Leo Wright Hall and
	Ramesh Nallapati and
	Christopher D. Manning},
	title     = {Labeled {LDA:} {A} supervised topic model for credit attribution in
	multi-labeled corpora},
	booktitle = emnlp,
	year      = {2009},
}


@article{Ruder17,
	author    = {Sebastian Ruder and Ivan Vuli\'{c} and Anders S{\o}gaard},
	title     = {A survey of cross-lingual word embedding models},
	journal   = {CoRR},
	volume    = {abs/1706.04902},
	year      = {2017},
	archivePrefix = {arXiv},
	eprint    = {1706.04902},
}

@inproceedings{MaN17,
	author    = {Tengfei Ma and
	Tetsuya Nasukawa},
	title     = {Inverted bilingual topic models for lexicon extraction from non-parallel
	data},
	booktitle = ijcai,
	year      = {2017},
}

@article{HeymanVM16,
	author    = {Geert Heyman and
	Ivan Vulic and
	Marie{-}Francine Moens},
	title     = {C-{B}i{LDA}: {E}xtracting cross-lingual topics from non-parallel texts by
	distinguishing shared from unshared content},
	journal   = {Data Mining and Knowledge Discovery},
	year      = {2016},
	volume    = {30},
	number    = {5},
}



@inproceedings{SmetTM11,
	author    = {Wim De Smet and
	Jie Tang and
	Marie{-}Francine Moens},
	title     = {Knowledge transfer across multilingual corpora via latent topics},
	booktitle = {Pacific-Asia Advances in Knowledge Discovery and Data Mining},
	year      = {2011},
}




@article{friedman2002stochastic,
	title={Stochastic gradient boosting},
	author={Friedman, Jerome H},
	journal={Computational Statistics \& Data Analysis},
	volume={38},
	number={4},
	pages={367--378},
	year={2002},
	publisher={Elsevier}
}


@inproceedings{CollinsSS00,
	author    = {Michael Collins and
	Robert E. Schapire and
	Yoram Singer},
	title     = {Logistic regression, {A}da{B}oost and {B}regman distances},
	booktitle = colt,
	year      = {2000},
}


@inproceedings{YangBR17,
	author    = {Weiwei Yang and
	Jordan L. Boyd{-}Graber and
	Philip Resnik},
	title     = {Adapting topic models using Lexical associations with tree priors},
	booktitle = emnlp,
	year      = {2017},
}

@article{hu2013,
	author = {Yuening Hu and Jordan Boyd-Graber and Brianna Satinoff and Alison Smith},
	title = {Interactive topic modeling},
	journal = {Machine Learning},
	year = {2013},
	pages = {423--469},
	volume = {95},
	number = {3},
}

@article{blei2003,
	author = {David M. Blei and Andrew Ng and Michael I. Jordan},
	title = {Latent {D}irichlet allocation},
	journal = jmlr,
	year = {2003},
	volume = {3},
	pages = {993--1022},
	month = {January},
}

@article{Deerwester90,
	author = {Scott Deerwester and Susan T. Dumais and George W. Furnas and Thomas K. Landauer and Richard Harshman},
	title = {Indexing by latent semantic analysis},
	journal = {Journal of the American Society for Information Science},
	year = {1990},
	volume = {41},
	number = {6},
	pages = {391--407}
}

@inproceedings{ivan12,
	author    = {Ivan Vuli\'c and
	Wim de Smet and
	Jie Tang and
	Marie-Francine Moens},
	title     = {Probabilistic topic {m}odeling in {m}ultilingual {s}ettings: {A} Short overview of {i}ts {m}ethodology and {a}pplications},
	booktitle = {NIPS Workshop xLiTe: Cross-Lingual Technologies},
	year      = {2012},
}

@inproceedings{ChangBGWB09,
	author    = {Jonathan Chang and
	Jordan Boyd{-}Graber and
	Sean Gerrish and
	Chong Wang and
	David M. Blei},
	title     = {Reading {t}ea {l}eaves: How {h}umans {i}nterpret {t}opic {m}odels},
	booktitle = nips,
	year      = {2009}
}

@inproceedings{NewmanNTKB10,
	author    = {David Newman and
	Youn Noh and
	Edmund M. Talley and
	Sarvnaz Karimi and
	Timothy Baldwin},
	title     = {Evaluating {t}opic {m}odels for {d}igital {l}ibraries},
	booktitle = {Proceedings of the 2010 Joint International Conference on Digital
	Libraries, {JCDL} 2010, Gold Coast, Queensland, Australia, June 21-25,
	2010},
	year      = {2010}
}


@inproceedings{LiPT05,
	author    = {Fei{-}Fei Li and
	Pietro Perona},
	title     = {A {B}ayesian {h}ierarchical {m}odel for {l}earning {n}atural {s}cene categories},
	booktitle = cvpr,
	pages     = {524--531},
	year      = {2005}
}


@inbook{Boyd-Graber:Mimno:Newman-2014,
	Publisher = {CRC Press},
	Address = {Boca Raton, Florida},
	Title = {Care and {f}eeding of {t}opic {m}odels: {p}roblems, {d}iagnostics, and {i}mprovements},
	Url = {docs/2014_book_chapter_care_and_feeding.pdf},
	Series = {CRC Handbooks of Modern Statistical Methods},
	Booktitle = {Handbook of Mixed Membership Models and Their Applications},
	Author = {Jordan Boyd-Graber and David Mimno and David Newman},
	Year = {2014},
	Editor = {Edoardo M. Airoldi and David Blei and Elena A. Erosheva and Stephen E. Fienberg},
}


@inproceedings{Boyd-Graber:Blei-2009,
	Author = {Jordan Boyd-Graber and David M. Blei},
	Booktitle = uai,
	Year = {2009},
	Title = {Multilingual topic models for unaligned text}
}


@inproceedings{KatariaKRSS11,
	author    = {Saurabh Kataria and
	Krishnan S. Kumar and
	Rajeev Rastogi and
	Prithviraj Sen and
	Srinivasan H. Sengamedu},
	title     = {Entity disambiguation with hierarchical topic models},
	booktitle = kdd,
	year      = {2011}
}

@inproceedings{FukumasuEX12,
	author    = {Kosuke Fukumasu and
	Koji Eguchi and
	Eric P. Xing},
	title     = {Symmetric correspondence topic models for multilingual text analysis},
	booktitle = nips,
	year      = {2012}
}

@inproceedings{bouma,
	author = {Bouma, Gerlof},
	title = {Normalized (oointwise) mutual information in collocation dxtraction},
	year = {2009},
	booktitle = {Proceedings of the German Society for Computational Linguistics and Language Technology Conference},
}

@inproceedings{MimnoWTLM11,
	author    = {David M. Mimno and
	Hanna M. Wallach and
	Edmund M. Talley and
	Miriam Leenders and
	Andrew McCallum},
	title     = {Optimizing semantic coherence in topic models},
	booktitle = emnlp,
	year      = {2011},
}

@inproceedings{WallachMSM09,
	author    = {Hanna M. Wallach and
	Iain Murray and
	Ruslan Salakhutdinov and
	David M. Mimno},
	title     = {Evaluation methods for topic models},
	booktitle = icml,
	year      = {2009}
}

@inproceedings{RoderBH15,
	author    = {Michael R{\"{o}}der and
	Andreas Both and
	Alexander Hinneburg},
	title     = {Exploring the space of topic coherence measures},
	booktitle = wsdm,
	year      = {2015},
}

@inproceedings{HuZEB14,
	author    = {Yuening Hu and
	Ke Zhai and
	Vladimir Eidelman and
	Jordan L. Boyd{-}Graber},
	title     = {Polylingual tree-based topic models for translation domain adaptation},
	booktitle = acl,
	year      = {2014},
}

@inproceedings{MimnoWNSM09,
	author    = {David M. Mimno and
	Hanna M. Wallach and
	Jason Naradowsky and
	David A. Smith and
	Andrew McCallum},
	title     = {Polylingual topic models},
	booktitle = emnlp,
	year      = {2009},
}


@inproceedings{WeiC06,
	author    = {Xing Wei and W. Bruce Croft},
	title     = {{LDA}-based document models for ad-hoc retrieval},
	booktitle = sigir,
	year      = {2006},
}


@inproceedings{HallJM08,
	author    = {David Leo Wright Hall and
	Daniel Jurafsky and
	Christopher D. Manning},
	title     = {Studying the history of ideas using topic models},
	booktitle = emnlp,
	year      = {2008},
}

@inproceedings{Boyd-Graber:Resnik-2010,
	Author = {Jordan Boyd-Graber and Philip Resnik},
	Booktitle = emnlp,
	Year = {2010},
	Title = {Holistic sentiment analysis across languages: multilingual supervised latent {D}irichlet allocation},
	pages = {45--55},
}

@inproceedings{JagarlamudiD10,
	author    = {Jagadeesh Jagarlamudi and
	Hal {Daum{\'{e}}~III}},
	title     = {Extracting multilingual topics from unaligned comparable corpora},
	booktitle = ecir,
	year      = {2010},
}

@inproceedings{Tiedemann12,
	author    = {J{\"{o}}rg Tiedemann},
	title     = {Parallel data, tools and interfaces in {OPUS}},
	booktitle = lrec,
	year      = {2012},
}

@inproceedings{PengWD14,
	author    = {Nanyun Peng and
	Yiming Wang and
	Mark Dredze},
	title     = {Learning polylingual topic models from code-switched social media documents},
	booktitle = acl,
	year      = {2014},
}

@article{Pecina10,
	author    = {Pavel Pecina},
	title     = {Lexical association measures and collocation extraction},
	journal   = lrec,
	volume    = {44},
	number    = {1-2},
	year      = {2010},
}

@inproceedings{NewmanBB11,
	author    = {David Newman and
	Edwin V. Bonilla and
	Wray L. Buntine},
	title     = {Improving topic coherence with regularized topic models},
	booktitle = nips,
	year      = {2011},
}

@inproceedings{NewmanLGB10,
  author    = {David Newman and
               Jey Han Lau and
               Karl Grieser and
               Timothy Baldwin},
  title     = {Automatic evaluation of topic coherence},
  booktitle = naacl,
  year      = {2010}
}

@inproceedings{JHL16,
	author    = {Jey Han Lau and Timothy Baldwin},
	title     = {The sensitivity of topic coherence evaluation
	to topic cardinality},
	booktitle = naacl,
	year      = {2016}
}


@inproceedings{AgicHS15,
	author    = {\'{Z}eljko Agi\'{c} and
	Dirk Hovy and
	Anders S{\o}gaard},
	title     = {If all you have is a bit of the {B}ible: {l}earning {POS} {t}aggers for
	{t}ruly {l}ow-{r}esource {l}anguages},
	booktitle = acl,
	year      = {2015}
}


@inproceedings{HamiltonLJ16,
	author    = {William L. Hamilton and
	Jure Leskovec and
	Dan Jurafsky},
	title     = {Cultural shift or linguistic drift? {C}omparing two computational measures
	of semantic change},
	booktitle = emnlp,
	year      = {2016},
}

@inproceedings{Drucker97,
	author    = {Harris Drucker},
	title     = {Improving regressors using boosting techniques},
	booktitle = icml,
	year      = {1997}
}

@inproceedings{LinMLOBP12,
	author    = {Yuri Lin and
	Jean{-}Baptiste Michel and
	Erez Aiden Lieberman and
	Jon Orwant and
	Will Brockman and
	Slav Petrov},
	title     = {Syntactic annotations for the {G}oogle {B}ooks {N}-gram corpus},
	booktitle = acl,
	year      = {2012}
}


@article{GutierrezSLMG16,
	author    = {E. Dario Guti{\'{e}}rrez and
	Ekaterina Shutova and
	Patricia Lichtenstein and
	Gerard de Melo and
	Luca Gilardi},
	title     = {Detecting cross-cultural differences using a multilingual topic model},
	journal   = tacl,
	volume    = {4},
	pages     = {47--60},
	year      = {2016}
}

@article{LiuDM15,
	author    = {Xiaodong Liu and
	Kevin Duh and
	Yuji Matsumoto},
	title     = {Multilingual topic models for bilingual dictionary extraction},
	journal   = {{ACM} Transactions on Asian {\&} Low-Resource Language Information Processing},
	volume    = {14},
	number    = {3},
	pages     = {11:1--11:22},
	year      = {2015}
}

@inproceedings{KrstovskiSK16,
	author    = {Kriste Krstovski and
	David A. Smith and
	Michael J. Kurtz},
	title     = {Online multilingual topic models with multi-level hyperpriors},
	booktitle = naacl,
	year      = {2016}
}


@article{VulicSTM15,
	author    = {Ivan Vuli\'{c} and
	Wim De Smet and
	Jie Tang and
	Marie{-}Francine Moens},
	title     = {Probabilistic topic modeling in multilingual settings: {A}n overview
	of its methodology and applications},
	journal   = {Information Processing {\&} Management},
	volume    = {51},
	number    = {1},
	pages     = {111--147},
	year      = {2015}
}

@article{AgicJPASS16,
	author    = {\'{Z}eljko Agi\'{c} and
	Anders Johannsen and
	Barbara Plank and
	H{\'{e}}ctor Mart{\'{\i}}nez Alonso and
	Natalie Schluter and
	Anders S{\o}gaard},
	title     = {Multilingual projection for parsing truly low-resource languages},
	journal   = tacl,
	volume    = {4},
	pages     = {301--312},
	year      = {2016}
}

@book{BreimanFOS84,
	author    = {Leo Breiman and
	J. H. Friedman and
	R. A. Olshen and
	C. J. Stone},
	title     = {Classification and regression trees},
	publisher = {Wadsworth},
	year      = {1984},
	isbn      = {0-534-98053-8}
}

@inproceedings{europarl,
	author    = {Philipp Koehn},
	title     = {Europarl: a parallel corpus for statistical machine translation},
	journal   = {MT Summit},
	year      = {2005}
}


@article{Christodoulopoulos15,
	author    = {Christos Christodoulopoulos and
	Mark Steedman},
	title     = {A massively parallel corpus: the {B}ible in 100 languages},
	journal   = {Language Resources and Evaluation},
	volume    = {49},
	number    = {2},
	pages     = {375--395},
	year      = {2015}
}

@inproceedings{LauNB14,
	author    = {Jey Han Lau and
	David Newman and
	Timothy Baldwin},
	title     = {Machine reading tea leaves: automatically evaluating topic coherence
	and topic model quality},
	booktitle = eacl,
	year      = {2014}
}

@online{amharicdata,
	author = {Shudong Huang and David Graff and George Doddington},
	title = {{NMSU} {A}mharic language pack from {REFLEX} {V}1.1},
	note = {Web download file. Philadelphia: Linguistic Data Consortium},
	year = {2002},
}

@online{tagalogdata,
	author = {Shudong Huang and David Graff and George Doddington},
	title = {Tagalog language pack from REFLEX {V}1.1},
	note = {Web download file. Philadelphia: Linguistic Data Consortium},
	year = {2002},
}

@inproceedings{NiSHC09,
	author    = {Xiaochuan Ni and
	Jian{-}Tao Sun and
	Jian Hu and
	Zheng Chen},
	title     = {Mining multilingual topics from {W}ikipedia},
	booktitle = www,
	year      = {2009}
}

@unpublished{McCallumMALLET,
	author = "Andrew Kachites McCallum",
	title = "{MALLET}: a machine learning for language toolkit",
	note = "\texttt{http://mallet.cs.umass.edu}",
	year = 2002}

@inproceedings{KrstovskiS16,
	author    = {Kriste Krstovski and
	David A. Smith},
	title     = {Bootstrapping translation detection and sentence extraction from comparable
	corpora},
	booktitle = naacl,
	year      = {2016}
}

@article{VulicSM13,
	author    = {Ivan Vuli\'{c} and
	Wim De Smet and
	Marie{-}Francine Moens},
	title     = {Cross-language information retrieval models based on latent topic
	models trained with document-aligned comparable corpora},
	journal   = {Information Retrieval},
	volume    = {16},
	number    = {3},
	pages     = {331--368},
	year      = {2013}
}
