@article{aicher-2014-wsbm,
  title={Learning Latent Block Structure in Weighted Networks},
  author={Aicher, Christopher and Jacobs, Abigail Z. and Clauset, Aaron},
  journal={Journal of Complex Networks},
  pages={221--248},
  year={2014},
}

@inproceedings{albertini-1992-example2,
  title={For Neural Networks, Function Determines Form},
  author={Albertini, Francesca and Sontag, Eduardo D.},
  booktitle={Proceedings of IEEE Conference on Decision and Control},
  year={1992},
}

@article{ammar-2016-uw-embed,
  title={Massively Multilingual Word Embeddings},
  author={Ammar, Waleed and Mulcaire, George and Tsvetkov, Yulia and Lample, Guillaume and Dyer, Chris and Smith, Noah A.},
  journal={arXiv:1602.01925},
  year={2016},
}

@inproceedings{andrzejewski-2009-topic-in-set,
  title={Latent {D}irichlet Allocation with Topic-in-set Knowledge},
  author={Andrzejewski, David and Zhu, Xiaojin},
  booktitle=naacl,
  year={2009},
}

@inproceedings{andrzejewski-2009-dir-forest,
  title={Incorporating Domain Knowledge into Topic Modeling via {D}irichlet Forest Priors},
  author={Andrzejewski, David and Zhu, Xiaojin and Craven, Mark},
  booktitle=icml,
  year={2009},
}

@inproceedings{bao-2009-tm-emotions,
  title={Joint Emotion-Topic Modeling for Social Affective Text Mining},
  author={Bao, Shenghua and Xu, Shengliang and Zhang, Li and Yan, Rong and Su, Zhong and Han, Dingyi and Yu, Yong},
  booktitle=icdm,
  year={2009},
}

@article{barndorff-1977-gig,
  title={Infinite Divisibility of the Hyperbolic and Generalized Inverse {G}aussian Distributions},
  author={Barndorff-Nielsen, Ole and Halgreen, Christian},
  journal={Probability Theory and Related Fields},
  pages={309--311},
  year={1977},
}

@article{blei-2003-lda,
  title={Latent {D}irichlet Allocation},
  author={Blei, David M. and Ng, Andrew Y. and Jordan, Michael I.},
  journal=jmlr,
  pages={993--1022},
  year={2003},
}

@inproceedings{blei-2006-dtm,
    Author = {Blei, David M. and Lafferty, John D.},
    Booktitle = icml,
    Title = {Dynamic Topic Models},
    Year = {2006},
}

@article{blei-2007-ctm,
  title={A Correlated Topic Model of Science},
  author={Blei, David M. and Lafferty, John D.},
  journal={The Annals of Applied Statistics},
  pages={17--35},
  year={2007},
}

@article{blei-2007-hlda,
  title={The Nested {C}hinese Restaurant Process and {B}ayesian Nonparametric Inference of Topic Hierarchies},
  author={Blei, David M. and Griffiths, Thomas L. and Jordan, Michael I.},
  journal=jacm,
  pages={1--30},
  year={2007},
}

@inproceedings{bouma-2009-npmi,
  title={Normalized (Pointwise) Mutual Information in Collocation Extraction},
  author={Bouma, Gerlof},
  booktitle={Proceedings of the Biennial GSCL Conference},
  year={2009},
}

@inproceedings{boyd-graber-2007-tm-wsd,
  title={A Topic Model for Word Sense Disambiguation},
  author={Boyd-Graber, Jordan and Blei, David M. and Zhu, Xiaojin},
  booktitle=emnlp,
  year={2007},
}

@inproceedings{boyd-graber-2009-muto,
  title={Multilingual Topic Models for Unaligned Text},
  author={Boyd-Graber, Jordan and Blei, David M.},
  booktitle=uai,
  year={2009},
}

@inproceedings{boyd-graber-2010-mlslda,
  title={Holistic Sentiment Analysis across Languages: Multilingual Supervised Latent {D}irichlet Allocation},
  author={Boyd-Graber, Jordan and Resnik, Philip},
  booktitle=emnlp,
  year={2010},
}

@book{boyd-graber-2017-topic-model-book,
	Editor = {Doug Oard},
	Author = {Jordan Boyd-Graber and Yuening Hu and David Mimno},
	Title = {Applications of Topic Models},
	Publisher = {NOW Publishers},
	Series = {Foundations and Trends in Information Retrieval},
	Year = {2017},
	Volume = {11},
	Number = {2--3},
	Url = {http://www.nowpublishers.com/article/Details/INR-030},
}

@article{celeux-1985-sem,
  title={The {SEM} Algorithm: A Probabilistic Teacher Algorithm Derived from the {EM} Algorithm for the Mixture Problem},
  author={Celeux, Gilles},
  journal={Computational Statistics Quarterly},
  pages={73--82},
  year={1985}
}

@inproceedings{chang-2009-word-intrusion,
  title={Reading Tea Leaves: How Humans Interpret Topic Models},
  author={Chang, Jonathan and Gerrish, Sean and Wang, Chong and Boyd-Graber, Jordan and Blei, David M.},
  booktitle=nips,
  year={2009},
}

@article{chang-2010-rtm,
  title={Hierarchical Relational Models for Document Networks},
  author={Chang, Jonathan and Blei, David M.},
  journal={The Annals of Applied Statistics},
  pages={124--150},
  year={2010},
}

@inproceedings{chaturvedi-2012-topical-graph-kernel,
  title={A Topical Graph Kernel for Link Prediction in Labeled Graphs},
  author={Chaturvedi, Snigdha and Daum{\'e} III, Hal and Moon, Taesun and Srivastava, Shashank},
  booktitle=icml,
  year={2012},
}

@book{chhikara-1988-ig,
  title={The Inverse {G}aussian Distribution: Theory: Methodology, and Applications},
  author={Chhikara, Raj},
  year={1988},
}

@article{church-1990-pmi,
  title={Word Association Norms, Mutual Information, and Lexicography},
  author={Church, Kenneth Ward and Hanks, Patrick},
  journal=cl,
  pages={22--29},
  year={1990},
}

@inproceedings{collobert-2008-nce-hinge,
  title={A Unified Architecture for Natural Language Processing: Deep Neural Networks with Multitask Learning},
  author={Collobert, Ronan and Weston, Jason},
  booktitle=icml,
  year={2008},
}

@phdthesis{cowans-2006-thesis,
  title={Probabilistic Document Modelling},
  author={Cowans, Philip J.},
  year={2006},
  school={University of Cambridge},
}

@inproceedings{das-2015-glda,
  title={Gaussian {LDA} for Topic Models with Word Embeddings},
  author={Das, Rajarshi and Zaheer, Manzil and Dyer, Chris},
  booktitle=acl,
  year={2015},
}

@inproceedings{daume-2009-mrtf,
  title={Markov Random Topic Fields},
  author={Daum{\'e} III, Hal},
  booktitle=acl,
  year={2009},
}

@article{deerwester-1990-lsa,
  title={Indexing by Latent Semantic Analysis},
  author={Deerwester, Scott and Dumais, Susan T. and Furnas, George W. and Landauer, Thomas K. and Harshman, Richard},
  journal={Journal of the American Society for Information Science},
  pages={391--407},
  year={1990},
}

@article{dumais-2004-lsa,
  title={Latent Semantic Analysis},
  author={Dumais, Susan T.},
  journal={Annual Review of Information Science and Technology},
  pages={188--230},
  year={2004},
}

@article{dunning-1993-g2,
  title={Accurate Methods For the Statistics of Surprise and Coincidence},
  author={Dunning, Ted},
  journal=cl,
  pages={61--74},
  year={1993},
}

@inproceedings{eidelman-2012-adaption,
  title={Topic Models for Dynamic Translation Model Adaptation},
  author={Eidelman, Vladimir and Boyd-Graber, Jordan and Resnik, Philip},
  booktitle=acl,
  year={2012},
}

@article{falush-2003-lda-bio,
  title={Inference of Population Structure using Multilocus Genotype Data: Linked Loci and Correlated Allele Frequencies},
  author={Falush, Daniel and Stephens, Matthew and Pritchard, Jonathan K.},
  journal={Genetics},
  pages={1567--1587},
  year={2003},
}

@inproceedings{faruqui-2014-mwe-cca,
  title={Improving Vector Space Word Representations using Multilingual Correlation},
  author={Faruqui, Manaal and Dyer, Chris},
  booktitle=eacl,
  year={2014},
}

@inproceedings{fergus-2005-lda-cv1,
  title={Learning Object Categories from {G}oogle's Image Search},
  author={Fergus, Rob and Li, Fei-Fei and Perona, Pietro and Zisserman, Andrew},
  booktitle=iccv,
  year={2005},
}

@article{ferguson-1973-dp,
  title={A {B}ayesian Analysis of Some Nonparametric Problems},
  author={Ferguson, Thomas S.},
  journal={The Annals of Statistics},
  pages={209--230},
  year={1973},
}

@incollection{fung-2000-bilingual-stat,
  title={A statistical view on bilingual lexicon extraction},
  author={Fung, Pascale},
  booktitle={Parallel Text Processing},
  pages={219--236},
  year={2000},
}

@article{geman-1984-gibbs,
  title={Stochastic Relaxation, {G}ibbs Distributions, and the {B}ayesian Restoration of Images},
  author={Geman, Stuart and Geman, Donald},
  journal=pami,
  pages={564--584},
  year={1984},
}

@article{goodman-1999-semiring,
  title={Semiring Parsing},
  author={Goodman, Joshua},
  journal=cl,
  pages={573--605},
  year={1999},
}

@inproceedings{goodman-1996-parsing,
  title={Parsing Algorithms and Metrics},
  author={Goodman, Joshua},
  booktitle=acl,
  year={1996},
}

@inproceedings{gorur-2009-mc-coalescent,
  title={An Efficient Sequential {M}onte {C}arlo Algorithm for Coalescent Clustering},
  author={G\"or\"ur, Dilan and Teh, Yee Whye},
  booktitle=nips,
  year={2009},
}

@article{griffiths-2004-lda-gibbs,
  title={Finding Scientific Topics},
  author={Griffiths, Thomas L. and Steyvers, Mark},
  journal=pnas,
  pages={5228--5235},
  year={2004},
}

@article{guimera-2013-sbm-categorical,
  title={A Network Inference Method for Large-scale Unsupervised Identification of Novel Drug-drug Interactions},
  author={Guimer{\`a}, Roger and Sales-Pardo, Marta},
  journal={PLoS Computational Biology},
  pages={e1003374},
  year={2013},
}

@article{gutierrez-2016-mtm-diff,
  title={Detecting Cross-Cultural Differences using a Multilingual Topic Model},
  author={Guti{\'e}rrez, E. Dario and Shutova, Ekaterina and Lichtenstein, Patricia and de Melo, Gerard and Gilardi, Luca},
  journal=tacl,
  pages={47--60},
  year={2016},
}

@article{gutmann-2012-nce,
  title={Noise-contrastive Estimation of Unnormalized Statistical Models, with Applications to Natural Image Statistics},
  author={Gutmann, Michael U. and Hyv{\"a}rinen, Aapo},
  journal=jmlr,
  pages={307--361},
  year={2012}
}

@inproceedings{hao-2018-cnpmi,
  title={Lessons from the {B}ible on Modern Topics: Adapting Topic Model Evaluation to Multilingual and Low-Resource Settings},
  author={Hao, Shudong and Boyd-Graber, Jordan L. and Paul, Michael J.},
  booktitle=naacl,
  year={2018}
}

@inproceedings{hao-2018-mtm-doc-link,
  title={Learning Multilingual Topics from Incomparable Corpora},
  author={Hao, Shudong and Paul, Michael J.},
  booktitle=coling,
  year={2018}
}

@article{hardoon-2004-cca,
  title={Canonical Correlation Analysis: An Overview with Application to Learning Methods},
  author={Hardoon, David R. and Szedmak, Sandor and Shawe-Taylor, John},
  journal={Neural Computation},
  pages={2639--2664},
  year={2004},
}

@inproceedings{he-2017-efficient-ctm,
    Title = {Efficient Correlated Topic Modeling with Topic Embedding},
    Booktitle = kdd,
    Author = {Junxian He and Zhiting Hu and Taylor Berg-Kirkpatrick and Ying Huang and Eric P. Xing},
    Year = {2017},
}

@article{heinrich-2008-parameter,
  title={Parameter Estimation for Text Analysis},
  author={Heinrich, Gregor},
  journal={Technical Report},
  year={2008},
}

@inproceedings{hermann-2014-ted,
    title={Multilingual Models for Compositional Distributional Semantics},
    author={Karl Moritz Hermann and Phil Blunsom},
    booktitle=acl,
    year=2014,
}

@inproceedings{hofmann-1999-plsi,
  title={Probabilistic Latent Semantic Indexing},
  author={Hofmann, Thomas},
  booktitle=sigir,
  year={1999},
}

@article{holland-1983-sbm,
  title={Stochastic Blockmodels: First Steps},
  author={Holland, Paul W. and Laskey, Kathryn Blackmond and Leinhardt, Samuel},
  journal={Social Networks},
  pages={109--137},
  year={1983},
}

@inproceedings{hu-2012-efficient-tlda,
  title={Efficient Tree-based Topic Modeling},
  author={Hu, Yuening and Boyd-Graber, Jordan},
  booktitle=acl,
  year={2012},
}

@inproceedings{hu-2013-coalescent,
  title={Binary to Bushy: {B}ayesian Hierarchical Clustering with the {B}eta Coalescent},
  author={Hu, Yuening and Boyd-Graber, Jordan and Daum{\'e} III, Hal and Ying, Z. Irene},
  booktitle=nips,
  year={2013}
}

@article{hu-2014-itm,
  title={Interactive Topic Modeling},
  author={Hu, Yuening and Boyd-Graber, Jordan and Satinoff, Brianna and Smith, Alison},
  journal=mlj,
  pages={423--469},
  year={2014},
}

@inproceedings{Hu-2014-ptlda,
	Title = {Polylingual Tree-Based Topic Models for Translation Domain Adaptation},
	Booktitle = acl,
	Author = {Yuening Hu and Ke Zhai and Vlad Eidelman and Jordan Boyd-Graber},
	Year = {2014},
}

@inproceedings{hu-2016-lctm,
    Title = {A Latent Concept Topic Model for Robust Topic Inference using Word Embeddings},
    Booktitle = acl,
    Author = {Weihua Hu and Jun'ichi Tsujii},
    Year = {2016},
}

@inproceedings{jagarlamudi-2010-mtm,
  title={Extracting Multilingual Topics from Unaligned Comparable Corpora},
  author={Jagarlamudi, Jagadeesh and Daum{\'e} III, Hal},
  booktitle=ecir,
  year={2010},
}

@inproceedings{jindal-2008-amazon,
  title={Opinion Spam and Analysis},
  author={Jindal, Nitin and Liu, Bing},
  booktitle=wsdm,
  year={2008},
}

@techreport{joachims-1998-svm,
  title={Making Large-scale {SVM} Learning Practical},
  author={Joachims, Thorsten},
  year={1998},
  institution={SFB 475: Komplexit{\"a}tsreduktion in Multivariaten Datenstrukturen, Universit{\"a}t Dortmund}
}

@article{karrer-2011-sbm-degree-correction,
  title={Stochastic Blockmodels and Community Structure in Networks},
  author={Karrer, Brian and Newman, Mark EJ},
  journal={Physical Review E},
  pages={016107},
  year={2011},
}

@inproceedings{kim-2012-lmmg,
  title={Latent Multi-group Membership Graph Model},
  author={Kim, Myunghwan and Leskovec, Jure},
  booktitle=icml,
  year={2012},
}

@article{kingman-1982-coalescent,
  title={The Coalescent},
  author={Kingman, J. F. C.},
  journal={Stochastic Processes \& Their Applications},
  pages={235--248},
  year={1982},
}

@article{kingman-1982-genealogy,
  title={On the Genealogy of Large Populations},
  author={Kingman, J. F. C.},
  journal={Journal of Applied Probability},
  pages={27--43},
  year={1982},
}

@inproceedings{koehn-2005-europarl,
  title={Euro{P}arl: {A} Parallel Corpus for Statistical Machine Translation},
  author={Koehn, Philipp},
  booktitle={MT Summit},
  year={2005},
}

@book{koehn-2009-smt,
  title={Statistical Machine Translation},
  author={Koehn, Philipp},
  year={2009},
}

@article{koplon-1997-example1,
  title={Using {F}ourier-Neural Recurrent Networks to Fit Sequential Input/Output Data},
  author={Koplon, Ren{\'e}e and Sontag, Eduardo D.},
  journal={Neurocomputing},
  pages={225--248},
  year={1997},
}

@inproceedings{lang-1995-20ng,
  title={Newsweeder: Learning to Filter Netnews},
  author={Lang, Ken},
  booktitle=icml,
  year={1995},
}

@article{larremore-2014-sbm-bipartite,
  title={Efficiently Inferring Community Structure in Bipartite Networks},
  author={Larremore, Daniel B. and Clauset, Aaron and Jacobs, Abigail Z.},
  journal={Physical Review E},
  pages={012805},
  year={2014},
}

@inproceedings{lau-2012-tm-trend,
  title={On-line Trend Analysis with Topic Models: \#twitter Trends Detection Topic Model Online},
  author={Lau, Jey Han and Collier, Nigel and Baldwin, Timothy},
  booktitle=coling,
  year={2012}
}

@inproceedings{lau-2014-auto-word-intrusion,
  title={Machine Reading Tea Leaves: Automatically Evaluating Topic Coherence and Topic Model Quality},
  author={Lau, Jey Han and Newman, David and Baldwin, Timothy},
  booktitle=acl,
  year={2014},
}

@inproceedings{li-2005-tm-cv,
  title={A {B}ayesian Hierarchical Model for Learning Natural Scene Categories},
  author={Fei-Fei, Li and Perona, Pietro},
  booktitle=cvpr,
  year={2005},
}

@article{liben-2007-link-pred,
  title={The Link-prediction Problem for Social Networks},
  author={Liben-Nowell, David and Kleinberg, Jon},
  journal={Journal of the American Society for Information Science and Technology},
  pages={1019--1031},
  year={2007},
}

@article{liu-1989-lbfgs,
  title={On the Limited Memory {BFGS} Method for Large Scale Optimization},
  author={Liu, Dong C. and Nocedal, Jorge},
  journal={Mathematical Programming},
  pages={503--528},
  year={1989},
}

@article{liu-2015-mtm-downstream,
  title={Multilingual Topic Models for Bilingual Dictionary Extraction},
  author={Liu, Xiaodong and Duh, Kevin and Matsumoto, Yuji},
  journal={ACM Transactions on Asian and Low-resource Language Information Processing},
  pages={11},
  year={2015},
  publisher={ACM}
}

@inproceedings{lu-2015-mwe-deep-cca,
  title={Deep Multilingual Correlation for Improved Word Embeddings},
  author={Lu, Ang and Wang, Weiran and Bansal, Mohit and Gimpel, Kevin and Livescu, Karen},
  booktitle=naacl,
  year={2015},
}

@article{lukasova-1979-hac,
  title={Hierarchical Agglomerative Clustering Procedure},
  author={Lukasov{\'a}, Alena},
  journal={Pattern Recognition},
  pages={365--381},
  year={1979},
}

@inproceedings{maas-2011-movie,
  title={Learning Word Vectors for Ssentiment Analysis},
  author={Maas, Andrew L. and Daly, Raymond E. and Pham, Peter T. and Huang, Dan and Ng, Andrew Y. and Potts, Christopher},
  booktitle=acl,
  year={2011},
}

@inproceedings{marlin-2003-tm-cf,
  title={Modeling User Rating Profiles For Collaborative Filtering},
  author={Marlin, Benjamin},
  booktitle=nips,
  year={2003},
}

@article{marwick-2013-lda-emergent,
  title={Discovery of Emergent Issues and Controversies in Anthropology using Text Mining, Topic Modeling, and Social Network Analysis of Microblog Content},
  author={Marwick, Ben},
  journal={Data Mining Applications with R},
  pages={514},
  year={2013}
}

@inproceedings{mcauliffe-2008-slda,
  title={Supervised Topic Models},
  author={McAuliffe, Jon D. and Blei, David M.},
  booktitle=nips,
  year={2008},
}

@article{mccallum-2000-cora,
  title={Automating the Construction of {I}nternet Portals with Machine Learning},
  author={Mc{C}allum, Andrew Kachites and Nigam, Kamal and Rennie, Jason and Seymore, Kristie},
  journal={Information Retrieval},
  pages={127--163},
  year={2000},
}

@inproceedings{mccallum-2009-rethinking-lda,
  title={Rethinking {LDA}: Why Priors Matter},
  author={McCallum, Andrew and Mimno, David M. and Wallach, Hanna M.},
  booktitle=nips,
  year={2009},
}

@article{mcpherson-2001-homophily,
  title={Birds of a Feather: Homophily in Social Networks},
  author={McPherson, Miller and Smith-Lovin, Lynn and Cook, James M.},
  journal={Annual Review of Sociology},
  pages={415--444},
  year={2001},
}

@inproceedings{mikolov-2013-word2vec,
  title={Distributed Representations of Words and Phrases and Their Compositionality},
  author={Mikolov, Tomas and Sutskever, Ilya and Chen, Kai and Corrado, Greg S. and Dean, Jeff},
  booktitle=nips,
  year={2013},
}

@article{miller-1995-wordnet,
  title={Word{N}et: A Lexical Database for {E}nglish},
  author={Miller, George A.},
  journal={Communications of the ACM},
  pages={39--41},
  year={1995},
}

@inproceedings{mimno-2009-plda,
  title={Polylingual Topic Models},
  author={Mimno, David and Wallach, Hanna M. and Naradowsky, Jason and Smith, David A. and McCallum, Andrew},
  booktitle=emnlp,
  year={2009},
}

@inproceedings{mimno-2012-dir-mult-reg,
  title={Topic Models Conditioned on Arbitrary Features with {D}irichlet-multinomial Regression},
  author={Mimno, David and McCallum, Andrew},
  booktitle=uai,
  year={2012},
}

@article{mnih-2012-nce-nlp,
  title={A Fast and Simple Algorithm for Training Neural Probabilistic Language Models},
  author={Mnih, Andriy and Teh, Yee Whye},
  journal={ArXiv},
  year={2012}
}

@inproceedings{moore-2004-log-like-ratio,
  title={On Log-Likelihood-Ratios and the Significance of Rare Events},
  author={Moore, Robert},
  booktitle=emnlp,
  year={2004},
}

@inproceedings{newman-2011-regtm,
  title={Improving Topic Coherence with Regularized Topic Models},
  author={Newman, David and Bonilla, Edwin V. and Buntine, Wray},
  booktitle=nips,
  year={2011},
}

@article{nguyen-2013-dp-bio,
  title={{D}irichlet Mixtures, the {D}irichlet Process, and the Structure of Protein Space},
  author={Nguyen, Viet-An and Boyd-Graber, Jordan and Altschul, Stephen F.},
  journal={Journal of Computational Biology},
  pages={1--18},
  year={2013},
}

@inproceedings{nguyen-2013-lexical,
  title={Lexical and Hierarchical Topic Regression},
  author={Nguyen, Viet-An and Boyd-Graber, Jordan and Resnik, Philip},
  booktitle=nips,
  year={2013},
}

@article{nguyen-2014-sits-journal,
	author = {Viet-An Nguyen and Jordan Boyd-Graber and Philip Resnik and Deborah Cai and Jennifer Midberry and Yuanxin Wang},
	journal = {Machine Learning},
	title = {Modeling Topic Control to Detect Influence in Conversations using Nonparametric Topic Models},
    pages={381--421},
	Year = {2014},
}

@inproceedings{nguyen-2015-hiptm,
  title={Tea Party in the {H}ouse: A Hierarchical Ideal Point Topic Model and its Application to {R}epublican Legislators in the 112th Congress},
  author={Nguyen, Viet-An and Boyd-Graber, Jordan and Resnik, Philip and Miler, Kristina},
  booktitle=acl,
  year={2015},
}

@inproceedings{ni-2009-mtm-wiki,
  title={Mining Multilingual Topics from {W}ikipedia},
  author={Ni, Xiaochuan and Sun, Jian-Tao and Hu, Jian and Chen, Zheng},
  booktitle=www,
  year={2009},
}

@inproceedings{owoputi-2013-tweetnlp,
  title={Improved Part-of-Speech Tagging for Online Conversational Text with Word Clusters},
  author={Owoputi, Olutobi and O'Connor, Brendan and Dyer, Chris and Gimpel, Kevin and Schneider, Nathan and Smith, Noah A.},
  booktitle=naacl,
  year={2013},
}

@article{paisley-2015-nhdp,
  title={Nested Hierarchical {D}irichlet Processes},
  author={Paisley, John and Wang, Chong and Blei, David M. and Jordan, Michael I.},
  journal=pami,
  pages={256--270},
  year={2015},
}

@inproceedings{papadimitriou-1998-lsi,
  title={Latent Semantic Indexing: A Probabilistic Analysis},
  author={Papadimitriou, Christos H. and Tamaki, Hisao and Raghavan, Prabhakar and Vempala, Santosh},
  booktitle={Proceedings of ACM SIGACT-SIGMOD-SIGART Symposium on Principles of Database Systems},
  year={1998},
}

@inproceedings{papineni-2002-bleu,
  title={{BLEU}: A Method for Automatic Evaluation of Machine Translation},
  author={Papineni, Kishore and Roukos, Salim and Ward, Todd and Zhu, Wei-Jing},
  booktitle=acl,
  year={2002},
}

@inproceedings{pennacchiotti-2011-tm-user-recommend,
  title={Investigating Topic Models for Social Media User Recommendation},
  author={Pennacchiotti, Marco and Gurumurthy, Siva},
  booktitle=www,
  year={2011},
}

@inproceedings{pennington-2014-glove,
  title={{G}lo{V}e: Global Vectors for Word Representation},
  author={Pennington, Jeffrey and Socher, Richard and Manning, Christopher},
  booktitle=emnlp,
  year={2014},
}

@article{polson-2011-data,
  title={Data Augmentation for Support Vector Machines},
  author={Polson, Nicholas G. and Scott, Steven L.},
  journal={Bayesian Analysis},
  pages={1--23},
  year={2011},
}

@inproceedings{purver-2006-dialog-seg,
  title={Unsupervised Topic Modelling for Multi-party Spoken Discourse},
  author={Purver, Matthew and Griffiths, Thomas L. and K{\"o}rding, Konrad P. and Tenenbaum, Joshua B.},
  booktitle=acl,
  year={2006},
}

@inproceedings{ramage-2009-labeled-lda,
  title={Labeled {LDA}: A Supervised Topic Model for Credit Attribution in Multi-labeled Corpora},
  author={Ramage, Daniel and Hall, David and Nallapati, Ramesh and Manning, Christopher D.},
  booktitle=emnlp,
  year={2009},
}

@article{resnik-1999-semantic,
  title={Semantic Similarity in a Taxonomy: An Information-based Measure and its Application to Problems of Ambiguity in Natural Language},
  author={Resnik, Philip},
  journal=jair,
  pages={95--130},
  year={1999},
}

@techreport{resnik-2010-gibbs,
  title={{G}ibbs Sampling for the Uninitiated},
  author={Resnik, Philip and Hardisty, Eric},
  year={2010},
  institution={UMIACS-TR-2010-04, University of Maryland, College Park}
}

@article{seshadri-1997-gig,
  title={{H}alphen's Laws},
  author={Seshadri, V.},
  journal={Encyclopedia of Statistical Sciences},
  year={1997},
}

@article{sharir-1981-scc,
  title={A Strong-Connectivity Algorithm and its Applications in Data Flow Analysis},
  author={Sharir, Micha},
  journal={Computers \& Mathematics with Applications},
  pages={67--72},
  year={1981},
}

@inproceedings{shi-2016-mtm-common,
  title={Detecting Common Discussion Topics across Culture from News Reader Comments},
  author={Shi, Bei and Lam, Wai and Bing, Lidong and Xu, Yinqing},
  booktitle=acl,
  year={2016},
}

@inproceedings{sogaard-2015-mwe-inverted-indexing,
  title={Inverted Indexing for Cross-Lingual {NLP}},
  author={S{\o}gaard, Anders and Agi{\'c}, {\v{Z}}eljko and Alonso, H{\'e}ctor Mart{\'\i}nez and Plank, Barbara and Bohnet, Bernd and Johannsen, Anders},
  booktitle=acl,
  year={2015},
}

@inproceedings{strassel-2016-lorelei,
  title={{LORELEI} Language Packs: Data, Tools, and Resources for Technology Development in Low Resource Languages.},
  author={Strassel, Stephanie M. and Tracey, Jennifer},
  booktitle=lrec,
  year={2016}
}

@inproceedings{strassel-2017-sf,
  title={Situational Awareness for Low Resource Languages: The {LORELEI} Situation Frame Annotation Task.},
  author={Strassel, Stephanie M. and Bies, Ann and Tracey, Jennifer},
  booktitle=ecir,
  year={2017}
}

@article{teh-2006-hdp,
  title={Hierarchical {D}irichlet Processes},
  author={Teh, Yee Whye and Jordan, Michael I. and Beal, Matthew J. and Blei, David M.},
  journal={Journal of the American Statistical Association},
  pages={1566--1581},
  year={2006},
}

@inproceedings{teh-2007-coalescent,
  title={Bayesian Agglomerative Clustering with Coalescents.},
  author={Teh, Yee Whye and Daum{\'e} III, Hal and Roy, Daniel M.},
  booktitle=nips,
  year={2007},
}

@article{upton-1992-fishers-exact-test,
  title={Fisher's Exact Test},
  author={Upton, Graham JG},
  journal={Journal of the Royal Statistical Society},
  pages={395--402},
  year={1992},
}

@inproceedings{volkova-2014-inferring,
  author={Volkova, Svitlana and Coppersmith, Glen and Van Durme, Benjamin},
  title={Inferring User Political Preferences from Streaming Communications},
  booktitle=acl,
  year={2014},
}

@inproceedings{vulic-2015-mwe-doc-align,
  title={Bilingual Word Embeddings from Non-Parallel Document-Aligned Data Applied to Bilingual Lexicon Induction},
  author={Vuli{\'c}, Ivan and Moens, Marie-Francine},
  booktitle=acl,
  year={2015},
}

@phdthesis{wallach-2008-thesis,
  title={Structured Topic Models for Language},
  author={Wallach, Hanna M.},
  year={2008},
  school={University of Cambridge},
}

@article{wang-1987-sbm-directed,
  title={Stochastic Blockmodels for Directed Graphs},
  author={Wang, Yuchung J. and Wong, George Y.},
  journal={Journal of the American Statistical Association},
  pages={8--19},
  year={1987},
}

@inproceedings{wang-2009-lda-cv2,
  title={Simultaneous Image Classification and Annotation},
  author={Wang, Chong and Blei, David M. and Li, Fei-Fei},
  booktitle=cvpr,
  year={2009},
}

@inproceedings{wei-2006-lda-ir,
  title={{LDA}-based Document Models for Ad-hoc Retrieval},
  author={Wei, Xing and Croft, W. Bruce},
  booktitle=sigir,
  year={2006},
}

@inproceedings{yang-2011-lda-newspaper,
  title={Topic Modeling on Historical Newspapers},
  author={Yang, Tze-I and Torget, Andrew J. and Mihalcea, Rada},
  booktitle={Proceedings of the 5th ACL-HLT Workshop on Language Technology for Cultural Heritage, Social Sciences, and Humanities},
  year={2011},
}

@inproceedings{yang-2015-knowledge,
  title={Efficient Methods for Incorporating Knowledge into Topic Models},
  author={Yang, Yi and Downey, Doug and Boyd-Graber, Jordan},
  booktitle=emnlp,
  year={2015}
}

@inproceedings{Yang:Boyd-Graber:Resnik-2015,
    Title = {Birds of a Feather Linked Together: A Discriminative Topic Model using Link-based Priors},
    Author = {Weiwei Yang and Jordan Boyd-Graber and Philip Resnik},
    Booktitle = emnlp,
    Year = {2015},
}

@inproceedings{Yang:Boyd-Graber:Resnik-2016,
    Title = {A Discriminative Topic Model using Document Network Structure},
    Author = {Weiwei Yang and Jordan Boyd-Graber and Philip Resnik},
    Booktitle = acl,
    Year = {2016},
}

@inproceedings{yuan-2018-mtanchor,
  title={Multilingual Anchoring: Interactive Topic Modeling and Alignment Across Languages},
  author={Yuan, Michelle and Van Durme, Benjamin and Boyd-Graber, Jordan},
  booktitle=nips,
  year={2018}
}

@inproceedings{zhai-2013-inf-vocab,
    Author = {Ke Zhai and Jordan Boyd-Graber},
    Booktitle = icml,
    Title = {Online Latent {D}irichlet Allocation with Infinite Vocabulary},
    Year = {2013},
}

@inproceedings{zhang-2003-ictclas,
  title={{HHMM}-based {C}hinese Lexical Analyzer {ICTCLAS}},
  author={Zhang, Hua-Ping and Yu, Hong-Kui and Xiong, De-Yi and Liu, Qun},
  booktitle={Proceedings of the second SIGHAN workshop on Chinese language processing-Volume 17},
  year={2003},
}

@inproceedings{zhang-2018-char-embed,
    title={Character-Level Transfer Learning for Cross-Lingual Document Classification},
    author={Mozhi Zhang and Jordan Boyd-Graber},
    booktitle={Submission to Associationi for Computational Linguistics},
    year={2018},
}

@article{zhu-2012-medlda,
  title={Med{LDA}: Maximum Margin Supervised Topic Models},
  author={Zhu, Jun and Ahmed, Amr and Xing, Eric P.},
  journal=jmlr,
  pages={2237--2278},
  year={2012},
}

@article{zhu-2014-max-margin,
  title={Gibbs Max-margin Topic Models with Data Augmentation},
  author={Zhu, Jun and Chen, Ning and Perkins, Hugh and Zhang, Bo},
  journal=jmlr,
  pages={1073--1110},
  year={2014},
}
