@incollection{Berestycki-2009,
	author = {N. Berestycki},
	title = {Recent progress in coalescent theory},
	booktitle = {Ensaios Matematicos},
	volume = {16},
	year = {2009}
}

@inproceedings{Bergen-1992,
    author = {Bergen, James and Anandan, P. and Hanna, Keith and Hingorani, Rajesh},
    title = {Hierarchical Model-Based Motion Estimation},
    booktitle = eccv,
    year = {1992}
}

@article{Yvart-2005,
    author = {Yvart, Alex and Hahmann, Stefanie and Bonneau, Georges-Pierre},
    title = {Hierarchical triangular splines},
    journal = {ACM Trans. Graph.},
    volume = {24},
    number = {4},
    month = oct,
    year = {2005},
    pages = {1374--1391}
}

@article{Brown-1992,
    author = {Brown, P.F. and Pietra, V. J. D. and deSouza, P. V. and Lai, J. C. and Mercer R. L. },
    title = {Class-Based n-gram Models of Natural Language},
    journal = {Computational Linguistics},
    volume = {18},
    number = {4},
    year = {1992},
    pages = {4467--479}
}


@book{Duda-1973,
  title={Pattern Classification and Scene Analysis},
  author={Duda, R. O. and Hart, P. E.},
  year={1973},
  publisher={Wiley}
}

@inproceedings{Shamos-1975,
  author    = {M.I. Shamos and D. Hoey},
  title     = {Closest-point Problems},
  booktitle = {IEEE Symposium on Foundations of Computer Science},
  year      = {1975}
}


@article{Girvan-2002,
    author = {Michelle Girvan and M. E. J. Newman},
    title = {{Community structure in social and biological networks}},
    journal = pnas,
    volume = {99},
    year = {2002},
    pages = {7821--7826}
}

@inproceedings{Blei-2003,
  author    = {David M. Blei and Thomas L. Griffiths and Michael I. Jordan and Joshua B. Tenenbaum},
  title     = {Hierarchical Topic Models and the Nested Chinese Restaurant Process},
  booktitle = nips,
  year      = {2003}
}


@article{Kingman-1982a,
  author = {Kingman, J. F. C.},
  title = {On the Genealogy of Large Populations},
  journal = {Journal of Applied Probability},
  pages = {27--43},
  publisher = {Applied Probability Trust},
  volume = 19,
  year = 1982
}

@article{Kingman-1982b,
  author = {Kingman, J. F. C.},
  title = {The Coalescent},
  journal = {Stochastic Processes and their Applications},
  pages = {235--248},
  volume = 13,
  year = 1982
}

@inproceedings{Rasmussen-2000,
    author = {Carl Edward Rasmussen},
    title = {The Infinite {G}aussian Mixture Model},
    booktitle = nips,
    year = {2000}
}

@inproceedings{Heller-2005,
  author    = {Katherine A. Heller and Zoubin Ghahramani},
  title     = {Bayesian hierarchical clustering},
  booktitle = icml,
  year      = {2005}
}

@article{Wood-2008,
	Author = {F. Wood and M.~J. Black},
	Journal = {Journal of Neuroscience Methods},
	Pages = {1--12},
	Title = {A Non-parametric {B}ayesian alternative to spike sorting},
	Volume = {173},
	Year = {2008}
}



@book{Doucet-2001,
    editor = {Doucet, Arnaud and De Freitas, Nando and Gordon, Neil},
    title = {Sequential {M}onte {C}arlo methods in practice},
	journal = {Statistics for Engineering and Information Science},
    year = {2001}
}


@article{Pitman-1999,
  author = {Pitman, Jim},
  title = {Coalescents with multiple collisions},
  journal = {The Annals of Probability},
  pages = {1870--1902},
  volume = 27,
  year = 1999
}

@article{Sagitov-1999,
  author = {S. Sagitov},
  title = {The general coalescent with asynchronous mergers of ancestral lines},
  journal = {Journal of Applied Probability},
  pages = {1116--1125},
  volume = 36,
  year = 1999
}

@article{Powers-1997,
  author = {David M. W. Powers},
  title = {Unsupervised learning of linguistic structure An empirical evaluation},
  journal = {International Journal of Corpus Linguistics},
  pages = {91-131},
  volume = 2,
  year = 1997
}

@article{Gordon-1993,
  author = {Gordon, N.J. and Salmond, D.J. and Smith, A.F.M.},
  title = {Novel approach to nonlinear/non-{G}aussian {B}ayesian state estimation},
  journal = {IEEE Proceedings F, Radar and Signal Processing},
  number = 2,
  pages = {107-113},
  publisher = {IET},
  volume = 140,
  year = 1993
}

@inproceedings{Gorur-2009,
    Author = {Dilan {G\"or\"ur} and Yee Whye Teh},
    Booktitle = nips,
    Title = {An Efficient Sequential {M}onte {C}arlo Algorithm for Coalescent Clustering},
    Year = {2009}
}

@inproceedings{Blundell-2010,
  author = {Blundell, Charles and Teh, Yee Whye and Heller, Katherine A.},
  title = {Bayesian Rose Trees},
  booktitle = uai,
  year = 2010
}

@inproceedings{Knowles-2011,
  author = {Knowles, David and Ghahramani, Zoubin},
  title = {{P}itman-{Y}or Diffusion Trees},
  booktitle = uai,
  year = 2011
}

@article{Gorur-2012,
  author = {Dilan G{\"o}r{\"u}r and Levi Boyles and Max Welling},
  title = {Scalable Inference on {K}ingman's Coalescent using Pair Similarity},
  journal = jmlr,
  volume = {22},
  year = {2012},
  pages = {440-448}
}

@inproceedings{Teh-2008,
    author = {Teh, Y. W.  and Daum\'e III, H. and Roy, D. M. },
    title =  {{B}ayesian Agglomerative Clustering with Coalescents},
    booktitle = nips,
    year = {2008}
}

@incollection{Ryan-2010,
 title = {Tree-Structured Stick Breaking for Hierarchical Data},
 author = {Ryan Adams and Zoubin Ghahramani and Michael Jordan},
 booktitle = nips,
 year = {2010}
}

@article{Kersting-2012,
  author = {G{\"o}tz Kersting},
  title = {The asymptotic distribution of the length of Beta-coalescent trees},
  journal = {Annals of Applied Probability},
  volume = {22},
  number = {5},
  year = {2012},
  pages = {2086-2107}
}

@article{Chen-2003,
  author = {Zhe Chen},
  title = {Bayesian filtering: From Kalman filters to particle filters, and beyond},
  journal = {McMaster},
  year = {2003},
  volume = {[Online]}
}

@article{Neal-2003,
  author = {Radford M. Neal},
  title = {Density Modeling and Clustering Using {D}irichlet Diffusion Trees},
  journal = {Bayesian Statistics},
  year = {2003},
  volume = {7},
  pages={619-629}
}

@article{Eads-2007,
  author = {D. Eads},
  title = {Hierarchical clustering (scipy.cluster.hierarchy)},
  journal = {SciPy},
  year = {2007}
}

@ARTICLE{Jongeneel-2005,
   author = {Jongeneel, CV and Delorenzi, M and Iseli, C and Zhou, D and Haudenschild, CD and Khrebtukova, I and Kuznetsov, D and Stevenson, BJ and Strausberg, RL and Simpson, AJ and Vasicek, TJ},
    title = {An atlas of human gene expression from massively parallel signature sequencing (MPSS)},
  journal = {Genome Res},
     year = {2005},
    month = {Jul},
   volume = {15},
    issue = {7},
    pages = {1007-1014}
}

@article{Fearnhead-1998,
  author = {P. Fearhhead},
  title = {Sequential {M}onte {C}arlo method in filter theory},
  journal = {PhD Dissertation, University of Oxford},
  year = {1998}
}

@article{Neal-1998,
  author = {R. M. Neal},
  title = {Annealed importance sampling},
  journal = {Technical report 9805, University of Toronto},
  year = {1998}
}

@article{Cappe-2007,
  title = {An Overview of Existing Methods and Recent Advances in Sequential {M}onte {Ca}rlo},
  author = {Cappe, O. and Godsill, S.J. and Moulines, E.},
  journal = {PROCEEDINGS-IEEE},
  volume = {95},
  number = {5},
  pages = {899},
  year = {2007},
  publisher = {IEEE INSTITUTE OF ELECTRICAL AND ELECTRONICS}
}

@INPROCEEDINGS{shlens-2005,
    author = {Jonathon Shlens},
    title = {A tutorial on Principal Component Analysis},
    booktitle = {Systems Neurobiology Laboratory, Salk Institute for Biological Studies},
    year = {2005}
}

@article{Anandkumar-2012,
  author    = {Animashree Anandkumar and
               Daniel Hsu and
               Sham M. Kakade},
  title     = {A Method of Moments for Mixture Models and Hidden {M}arkov
               Models},
  journal   = {Journal of Machine Learning Research - Proceedings Track},
  volume    = {23},
  year      = {2012},
  pages     = {33.1-33.34}
}

@inproceedings{Anandkumar-2012b,
  author    = {Anima Anandkumar and
               Dean P. Foster and
               Daniel Hsu and
               Sham Kakade and
               Yi-Kai Liu},
  title     = {A Spectral Algorithm for Latent Dirichlet Allocation},
  booktitle = {NIPS},
  year      = {2012},
  pages     = {926-934}
}

@article{Anandkumar-2012c,
  author    = {Animashree Anandkumar and
               Dean P. Foster and
               Daniel Hsu and
               Sham M. Kakade and
               Yi-Kai Liu},
  title     = {Two SVDs Suffice: Spectral decompositions for probabilistic
               topic modeling and latent Dirichlet allocation},
  journal   = {CoRR},
  volume    = {abs/1204.6703},
  year      = {2012},
  ee        = {http://arxiv.org/abs/1204.6703},
  bibsource = {DBLP, http://dblp.uni-trier.de}
}

@article{Hsu-2012,
  author    = {Daniel Hsu and
               Sham M. Kakade and
               Tong Zhang},
  title     = {A spectral algorithm for learning Hidden {M}arkov Models},
  journal   = {J. Comput. Syst. Sci.},
  volume    = {78},
  number    = {5},
  year      = {2012},
  pages     = {1460-1480}
}

@article{Siddiqi-2010,
  author    = {Sajid M. Siddiqi and
               Byron Boots and
               Geoffrey J. Gordon},
  title     = {Reduced-Rank Hidden {M}arkov Models},
  journal   = {Journal of Machine Learning Research - Proceedings Track},
  volume    = {9},
  year      = {2010},
  pages     = {741-748},
  ee        = {http://www.jmlr.org/proceedings/papers/v9/siddiqi10a.html},
  bibsource = {DBLP, http://dblp.uni-trier.de}
}

@inproceedings{Cohen-2012,
  author    = {Shay B. Cohen and Karl Stratos and Michael Collins and Dean P. Foster and Lyle H. Ungar},
  title     = {Spectral Learning of Latent-Variable PCFGs},
  booktitle = acl,
  year      = {2012},
  pages     = {223-231}
}

@inproceedings{Luque-2012,
  author    = {Franco M. Luque and Ariadna Quattoni and Borja Balle and Xavier Carreras},
  title     = {Spectral Learning for Non-Deterministic Dependency Parsing},
  booktitle = eacl,
  year      = {2012},
  pages     = {409-419}
}


@article{Meila-2007,
 author = {Meil\u{a}, Marina},
 title = {Comparing clusterings---an information based distance},
 journal = {Journal of Multivariate Analysis},
 volume = {98},
 number = {5},
 month = may,
 year = {2007},
 pages = {873--895},
 publisher = {Academic Press, Inc.}
}

@article{Artstein-2005,
 author = {Ron Artstein and Massimo Poesio},
 title = {Kappa3 = alpha (or beta)},
 journal = {Technical report, University of Essex Department of Computer Science},
 year = {2005}
}

@article{ceaparu-2004,
  title={Determining causes and severity of end-user frustration},
  author={Ceaparu, Irina and Lazar, Jonathan and Bessiere, Katie and Robinson, John and Shneiderman, Ben},
  journal={International journal of human-computer interaction},
  volume={17},
  number={3},
  pages={333--356},
  year={2004},
  publisher={Taylor \& Francis}
}

@book{Thomas-2005,
  title={Illuminating the path: The research and development agenda for visual analytics},
  author={James J Thomas and Kristin A Cook},
  year={2005},
  publisher={IEEE Computer Society Press}
}

@book{Norman-2002,
  author = {Norman, Donald A.},
  edition = {Reprint Paperback},
  publisher = {Basic Books},
  title = {The Design of Everyday Things},
  year = 2002
}

@article{nah-2004,
  title={A study on tolerable waiting time: how long are web users willing to wait?},
  author={Nah, Fiona Fui-Hoon},
  journal={Behaviour \& Information Technology},
  volume={23},
  number={3},
  pages={153--163},
  year={2004},
  publisher={Taylor \& Francis}
}

@unpublished{Hopkins-2012,
  author  = {Hopkins, Daniel J.},
  title   = {The Exaggerated Life of Death Panels: The Limits of Framing Effects in the 2009-2012 Health Care Debate},
  publisher={Available at SSRN: http://ssrn.com/abstract=2163769 or http://dx.doi.org/10.2139/ssrn.2163769},
  year = {2012}
}

@INPROCEEDINGS{Li-2006,
    author = {Wei Li and Andrew Mccallum},
    title = {Pachinko allocation: DAG-structured mixture models of topic correlations},
    booktitle = {International Conference on Machine Learning},
    year = {2006},
    pages = {577--584}
}

@article{Lavine-1992,
  author = {Lavine, Michael},
  title = {Some Aspects of {P}olya Tree Distributions for Statistical Modeling},
  journal = {The Annals of Statistics},
  number = 3,
  pages = {1222--1235},
  volume = 20,
  year = 1992
}

@article{Shneiderman-1997,
  author = {Shneiderman, Ben and Byrd, Donald and Croft, W. Bruce},
  journal = {D-Lib Magazine},
  number = 1,
  title = {Clarifying Search: A User-Interface Framework for Text Searches},
  volume = 3,
  year = 1997
}

@misc{Evans-2013,
  Author ={Paul Evans},
  title = {More Fun with Topic Modeling},
  note = {http://mith.umd.edu/engl668k/?p=1595},
  year = {2013}
}

@misc{Carbone-2012,
  Author ={Katy Carbone},
  title = {Topic Modeling: Confusion and Excitement},
  note = {http://dh201.humanities.ucla.edu/?p=502},
  year = {2012}
}

@article{Bendapudi-2003,
  author = {Neeli Bendapudi and Robert P. Leone},
  title = {Psychological Implications of Customer Participation in Co-Production},
  journal = {Journal of Marketing},
  number = 1,
  pages = {14--28},
  volume = 67,
  year = 2003
}

@book{Norman-1993,
    editor = {Donald A. Norman},
    title = {Things That Make Us Smart: Defending Human Attributes In The Age Of The Machine},
	publisher = {Addison-Wesley, Reading MA},
    year = {1993}
}

@INPROCEEDINGS{Wang-2011,
    author = {Lidan Wang and Jimmy Lin and Donald Metzler},
    title = {A Cascade Ranking Model for Efficient Ranked Retrieval},
    booktitle = sigir,
    year = {2011},
    pages = {105-114}
}

@article{Griffiths-2011,
  author    = {Thomas L. Griffiths and
               Zoubin Ghahramani},
  title     = {The {I}ndian Buffet Process: An Introduction and Review},
  journal   = {Journal of Machine Learning Research},
  volume    = {12},
  year      = {2011},
  pages     = {1185-1224}
}

@INPROCEEDINGS{Xing-2007,
    author = {Eric P. Xing and Kyung-ah Sohn},
    title = {Hidden {M}arkov {D}irichlet Process: Modeling Genetic Recombination in Open Ancestral Space},
    booktitle = {In Bayesian Analysis},
    year = {2007},
    publisher = {MIT Press}
}

@article{Hoppe-1984,
  author    = {Fred M. Hoppe},
  title     = {P\'olya-like urns and the {E}wens' sampling formula},
  journal   = {Journal of Mathematical Biology},
  volume    = {20},
  number 	= {1},
  year      = {1984},
  pages     = {91-94}
}

@article{Arora-2012,
  author    = {Sanjeev Arora and
               Rong Ge and
               Yoni Halpern and
               David M. Mimno and
               Ankur Moitra and
               David Sontag and
               Yichen Wu and
               Michael Zhu},
  title     = {A Practical Algorithm for Topic Modeling with Provable Guarantees},
  journal   = {CoRR},
  volume    = {abs/1212.4777},
  year      = {2012}
}

@article{Arora-2012b,
  author    = {Sanjeev Arora and
               Rong Ge and
               Ankur Moitra},
  title     = {Learning Topic Models --- Going beyond SVD},
  journal   = {CoRR},
  volume    = {abs/1204.1956},
  year      = {2012}
}

@INPROCEEDINGS{Donoho-2003,
    author = {David Donoho and Victoria Stodden},
    title = {When Does Non-Negative Matrix Factorization Give Correct Decomposition into Parts?},
    booktitle = {},
    year = {2003},
    pages = {2004},
    publisher = {MIT Press}
}

@article{Anandkumar-2013,
  author    = {Anima Anandkumar and
               Rong Ge and
               Daniel Hsu and
               Sham M. Kakade},
  title     = {A Tensor Spectral Approach to Learning Mixed Membership
               Community Models},
  journal   = {CoRR},
  volume    = {abs/1302.2684},
  year      = {2013},
}

@article{Felsenstein-1973,
  author = {Felsenstein, J},
  journal = {Am J Hum Genet},
  month = sep,
  number = 5,
  pages = {471-492},
  title = {Maximum-likelihood estimation of evolutionary trees from continuous characters},
  volume = 25,
  year = 1973
}

@article{Tibshirani-1994,
    author = {Robert Tibshirani},
    title = {Regression Shrinkage and Selection Via the Lasso},
    journal = {Journal of the Royal Statistical Society, Series B},
    year = {1994},
    volume = {58},
    pages = {267--288}
}

@inproceedings{Hu-2014,
	Author = {Yuening Hu and Michael Auli and Qin Gao and Jianfeng Gao},
	Booktitle = eacl,
	Year = {2014},
	Title = {Minimum Translation Modeling with Recurrent Neural Networks}
}

@inproceedings{Nguyen-2014,
	Author = {Thang Nguyen and Yuening Hu and Jordan Boyd-Graber},
	Booktitle = acl,
	Year = {2014},
	Title = {Anchors Regularized: Adding Robustness and Extensibility to Scalable Topic-Modeling Algorithms}
}

@inproceedings{Hu-2014b,
	Author = {Yuening Hu and Ke Zhai and Vladimir Edelman and Jordan Boyd-Graber},
	Booktitle = acl,
	Year = {2014},
	Title = {Polylingual Tree-Based Topic Models for Translation Domain Adaptation}
}

@inproceedings{Ding-2013,
	Author = {Weicong Ding and Mohammad Hossein Rohban and Prakash Ishwar and Venkatesh Saligrama},
	Booktitle = icml,
	Year = {2013},
	Title = {Topic Discovery through Data Dependent and Random Projections}
}

@inproceedings{Ding-2013b,
	Author = {Weicong Ding and Mohammad Hossein Rohban and Prakash Ishwar and Venkatesh Saligrama},
	Booktitle = icassp,
	Year = {2013},
	Title = {A New Ceometric Approach to Latent Topic Modeling and Discovery}
}

@inproceedings{Ding-2014,
	Author = {Weicong Ding and Mohammad Hossein Rohban and Prakash Ishwar and Venkatesh Saligrama},
	Booktitle = aistats,
	Year = {2014},
	Title = {Efficient Distributed Topic Modeling with Provable Guarantees}
}



@inproceedings{Smith-2014,
	Author = {Alison Smith and Jason Chuang and Yuening Hu and Jordan Boyd-Graber and Leah Findlater},
	Booktitle = {ACL Workshop on Workshop on Interactive Language Learning, Visualization, and Interfaces},
	Year = {2014},
	Location = {Baltimore, Maryland},
	Title = {Quantifying the role of discourse topicality in  speakers' choices of referring expressions},
}


@article{Dumais-1997,
    author = {Susan T Dumais and Todd A Letsche and Michael L Littman and Thomas K Landauer},
    title = {Automatic cross-language retrieval using latent semantic indexing},
    journal = {AAAI spring symposium on cross-language text and speech retrieval},
    year = {1997},
    volume = {15},
    pages = {18--24}
}

@article{Dumais-1997,
    author = {Susan T Dumais and Todd A Letsche and Michael L Littman and Thomas K Landauer},
    title = {Automatic cross-language retrieval using latent semantic indexing},
    journal = {AAAI spring symposium on cross-language text and speech retrieval},
    year = {1997},
    volume = {15},
    pages = {18--24}
}


@inproceedings{Landauer-1990,
	Author = {Thomas K Landauer and Michael L Littman},
	Booktitle = {Proceedings of the 6 th Annual Conference of the UW Centre for the New Oxford English Dictionary},
	Year = {1990},
	Title = {Fully Automatic Cross-Language Document Retrieval Using Latent Semantic Indexing},
}

@article{Bhattacharya-2006,
  author = {Indrajit Bhattacharya},
  title = {Collective Entity Resolution In Relational Data},
  journal = {PhD Dissertation, University of Maryland, College Park},
  year = {2006}
}

@inproceedings{Kuhn-2010,
  author = {Kuhn, Roland and Chen, Boxing and Foster, George F. and Stratford, Evan},
  booktitle = {COLING},
  title = {Phrase Clustering for Smoothing TM Probabilities - or, How to Extract Paraphrases from Phrase Tables.},
  year = 2010
}

@inproceedings{Botha-2012,
  title = "{B}ayesian Language Modelling of {G}erman Compounds",
  author = "Botha, Jan A. and Dyer, Chris and Blunsom, Phil",
  year = "2012",
  booktitle = "Proceedings of the 24th International Conference on Computational Linguistics (COLING)"
}

@article{Nirenburg-1989,
    Author = {Sergei Nirenburg},
    Title = {Knowledge-Based Machine Translation},
   Volume = {4},
    Issue = {1},
   Pages ={5--24},
    Journal = {Machine Translation},
    Year = {1989}
}
