@article{blei2003latent,
  title={Latent {D}irichlet allocation},
  author={Blei, David M and Ng, Andrew Y and Jordan, Michael I},
  journal= jmlr,
  volume={3},
  pages={993--1022},
  year={2003}
}

@article{teh2012hierarchical,
	title={Hierarchical {D}irichlet processes},
	author={Teh, Yee Whye and Jordan, Michael I and Beal, Matthew J and Blei, David M},
	journal={Journal of the american statistical association},
	year={2012},
	publisher={Taylor \& Francis}
}

@article{blei2016variational,
	title={Variational inference: A review for statisticians},
	author={Blei, David M and Kucukelbir, Alp and McAuliffe, Jon D},
	journal={arXiv preprint arXiv:1601.00670},
	year={2016}
}

@article{hoffman2013stochastic,
	title={Stochastic variational inference.},
	author={Hoffman, Matthew D and Blei, David M and Wang, Chong and Paisley, John William},
	journal=jmlr,
	volume={14},
	pages={1303--1347},
	year={2013}
}

@inproceedings{hoffman2010online,
	title={Online learning for latent {D}irichlet allocation},
	author={Hoffman, Matthew and Bach, Francis R and Blei, David M},
	booktitle=nips,
	year={2010}
}

@inproceedings{wang2011online,
	title={Online Variational Inference for the Hierarchical {D}irichlet Process.},
	author={Wang, Chong and Paisley, John William and Blei, David M},
	booktitle=aistats,
	year={2011}
}

@inproceedings{gopalan2012scalable,
	title={Scalable inference of overlapping communities},
	author={Gopalan, Prem K and Gerrish, Sean and Freedman, Michael and Blei, David M and Mimno, David M},
	booktitle=nips,
	year={2012}
}

@inproceedings{johnson2014stochastic,
	title={Stochastic Variational Inference for {B}ayesian Time Series Models.},
	author={Johnson, Matthew and Willsky, Alan S},
	booktitle=icml,
	year={2014}
}

@article{duchi2011adaptive,
	title={Adaptive subgradient methods for online learning and stochastic optimization},
	author={Duchi, John and Hazan, Elad and Singer, Yoram},
	journal=jmlr,
	volume={12},
	pages={2121--2159},
	year={2011}
}

@inproceedings{dean2012large,
	title={Large scale distributed deep networks},
	author={Dean, Jeffrey and Corrado, Greg and Monga, Rajat and Chen, Kai and Devin, Matthieu and Mao, Mark and Senior, Andrew and Tucker, Paul and Yang, Ke and Le, Quoc V and others},
	booktitle=nips,
	year={2012}
}

@article{zeiler2012adadelta,
	title={{ADADELTA}: an adaptive learning rate method},
	author={Zeiler, Matthew D},
	journal={arXiv preprint arXiv: 1212.5701},
	year={2012}
}

@article{kingma2014adam,
	title={Adam: A method for stochastic optimization},
	author={Kingma, Diederik and Ba, Jimmy},
	journal={arXiv preprint arXiv:1412.6980},
	year={2014}
}

@inproceedings{ranganath2013adaptive,
	title={An Adaptive Learning Rate for Stochastic Variational Inference.},
	author={Ranganath, Rajesh and Wang, Chong and Blei, David M and Xing, Eric P},
	booktitle=icml,
	year={2013}
}

@inproceedings{wang2013variance,
	title={Variance reduction for stochastic gradient optimization},
	author={Wang, Chong and Chen, Xi and Smola, Alex J and Xing, Eric P},
	booktitle=nips,
	year={2013}
}

@article{duchi2009efficient,
	title={Efficient online and batch learning using forward backward splitting},
	author={Duchi, John and Singer, Yoram},
	journal=jmlr,
	volume={10},
	pages={2899--2934},
	year={2009}
}

@article{xiao2010dual,
	title={Dual averaging methods for regularized stochastic learning and online optimization},
	author={Xiao, Lin},
	journal=jmlr,
	volume={11},
	pages={2543--2596},
	year={2010}
}

@article{kucukelbir2016automatic,
	title={Automatic Differentiation Variational Inference},
	author={Kucukelbir, Alp and Tran, Dustin and Ranganath, Rajesh and Gelman, Andrew and Blei, David M},
	journal={arXiv preprint arXiv:1603.00788},
	year={2016}
}

@inproceedings{foti2014stochastic,
	title={Stochastic variational inference for hidden {M}arkov models},
	author={Foti, Nicholas and Xu, Jason and Laird, Dillon and Fox, Emily},
	booktitle=nips,
	year={2014}
}

@inproceedings{bryant2012truly,
	title={Truly nonparametric online variational inference for hierarchical {D}irichlet processes},
	author={Bryant, Michael and Sudderth, Erik B},
	booktitle=nips,
	year={2012}
}

@article{zhu2016combining,
	title={Combining Random Walks and Nonparametric {B}ayesian Topic Model for Community Detection},
	author={Zhu, Ruimin and Jiang, Wenxin},
	journal={arXiv preprint arXiv:1607.05573},
	year={2016}
}

@article{paisley2015nested,
	title={Nested hierarchical {D}irichlet processes},
	author={Paisley, John and Wang, Chong and Blei, David M and Jordan, Michael I},
	journal=pami,
	volume={37},
	pages={256--270},
	year={2015},
	publisher={IEEE}
}

@inproceedings{shah2015empirical,
	title={An empirical study of stochastic variational algorithms for the {B}eta {B}ernoulli process},
	author={Shah, Amar and Knowles, David A and Ghahramani, Zoubin},
	booktitle=icml,
	year={2015}
}

@inproceedings{hadgu2015large,
	title={Large-scale learning with {A}da{G}rad on {S}park},
	author={Hadgu, Asmelash Teka and Nigam, Aastha and Diaz-Aviles, Ernesto},
	booktitle={Big Data (Big Data), 2015 IEEE International Conference on},
	year={2015},
	organization={IEEE}
}

@article{cheng2016flag,
	title={{FLAG}: Fast Linearly-Coupled Adaptive Gradient Method},
	author={Cheng, Xiang and Roosta-Khorasani, Farbod and Bartlett, Peter L and Mahoney, Michael W},
	journal={arXiv preprint arXiv:1605.08108},
	year={2016}
}

@inproceedings{krummenacher2016scalable,
	title={Scalable adaptive stochastic optimization using random projections},
	author={Krummenacher, Gabriel and McWilliams, Brian and Kilcher, Yannic and Buhmann, Joachim M and Meinshausen, Nicolai},
	booktitle=nips,
	year={2016}
}

@incollection{TehJor2010a,
	Author =        {Y. W. Teh and M. I. Jordan},
	Title =         {Hierarchical {B}ayesian Nonparametric Models with Applications},
	Booktitle =     {Bayesian Nonparametrics: Principles and Practice},
	Editor =        {N. Hjort and C. Holmes and P. M{\"u}ller and S. Walker},
	Publisher =     {Cambridge University Press},
	Year =          {2010}}

@article{collobert2011natural,
	title={Natural language processing (almost) from scratch},
	author={Collobert, Ronan and Weston, Jason and Bottou, L{\'e}on and Karlen, Michael and Kavukcuoglu, Koray and Kuksa, Pavel},
	journal={Journal of Machine Learning Research},
	volume={12},
	pages={2493--2537},
	year={2011}
}

@article{blei2012probabilistic,
	title={Probabilistic topic models},
	author={Blei, David M},
	journal={Communications of the ACM},
	volume={55},
	number={4},
	pages={77--84},
	year={2012},
	publisher={ACM}
}

@inproceedings{chong2009simultaneous,
	title={Simultaneous image classification and annotation},
	author={Chong, Wang and Blei, David and Li, Fei-Fei},
	booktitle=cvpr,
	year={2009},
	organization={IEEE}
}

@inproceedings{chang2009relational,
	title={Relational Topic Models for Document Networks.},
	author={Chang, Jonathan and Blei, David M},
	booktitle=aistats,
	volume={9},
	pages={81--88},
	year={2009}
}

@inproceedings{yang2016discriminative,
	title={A discriminative topic model using document network structure},
	author={Yang, Weiwei and Boyd-Graber, Jordan and Resnik, Philip},
	booktitle={Association for Computational Linguistics},
	year={2016}
}

@article{zhai2013online,
	title={Online Latent {D}irichlet Allocation with Infinite Vocabulary.},
	author={Zhai, Ke and Boyd-Graber, Jordan L},
	journal={ICML (1)},
	volume={28},
	pages={561--569},
	year={2013}
}